<?xml version="1.0" encoding="UTF-8"?>
<Document xmlns="urn:iso:std:iso:20022:tech:xsd:camt.054.001.06" xmlns:xsi="http://www.w3.org/2001/XMLSchema-instance">
	<BkToCstmrDbtCdtNtfctn>
		<GrpHdr>
			<MsgId>a</MsgId>
			<CreDtTm>2001-12-17T09:30:47Z</CreDtTm>
			<MsgRcpt>
				<Nm>a</Nm>
				<PstlAdr>
					<AdrTp>ADDR</AdrTp>
					<Dept>a</Dept>
					<SubDept>a</SubDept>
					<StrtNm>a</StrtNm>
					<BldgNb>a</BldgNb>
					<PstCd>a</PstCd>
					<TwnNm>a</TwnNm>
					<CtrySubDvsn>a</CtrySubDvsn>
					<Ctry>AA</Ctry>
					<AdrLine>a</AdrLine>
					<AdrLine>a</AdrLine>
				</PstlAdr>
				<Id>
					<OrgId>
						<AnyBIC>AAAAAA20</AnyBIC>
						<Othr>
							<Id>a</Id>
							<SchmeNm>
								<Cd>a</Cd>
							</SchmeNm>
							<Issr>a</Issr>
						</Othr>
					</OrgId>
				</Id>
				<CtryOfRes>AA</CtryOfRes>
				<CtctDtls>
					<NmPrfx>MISS</NmPrfx>
					<Nm>a</Nm>
					<PhneNb>+0-(</PhneNb>
					<MobNb>+0-(</MobNb>
					<FaxNb>+0-(</FaxNb>
					<EmailAdr>a</EmailAdr>
					<Othr>a</Othr>
				</CtctDtls>
			</MsgRcpt>
			<MsgPgntn>
				<PgNb>0</PgNb>
				<LastPgInd>true</LastPgInd>
			</MsgPgntn>
			<OrgnlBizQry>
				<MsgId>a</MsgId>
				<MsgNmId>a</MsgNmId>
				<CreDtTm>2001-12-17T09:30:47Z</CreDtTm>
			</OrgnlBizQry>
			<AddtlInf>a</AddtlInf>
		</GrpHdr>
		<Ntfctn>
			<Id>a</Id>
			<NtfctnPgntn>
				<PgNb>0</PgNb>
				<LastPgInd>true</LastPgInd>
			</NtfctnPgntn>
			<ElctrncSeqNb>123456789123456789</ElctrncSeqNb>
			<LglSeqNb>123456789123456789</LglSeqNb>
			<CreDtTm>2001-12-17T09:30:47Z</CreDtTm>
			<FrToDt>
				<FrDtTm>2001-12-17T09:30:47Z</FrDtTm>
				<ToDtTm>2001-12-17T09:30:47Z</ToDtTm>
			</FrToDt>
			<CpyDplctInd>CODU</CpyDplctInd>
			<RptgSrc>
				<Cd>a</Cd>
			</RptgSrc>
			<Acct>
				<Id>
					<IBAN>AA000</IBAN>
					<Othr>
						<Id>12345</Id>
					</Othr>
				</Id>
				<Tp>
					<Cd>a</Cd>
				</Tp>
				<Ccy>AAA</Ccy>
				<Nm>a</Nm>
				<Ownr>
					<Nm>a</Nm>
					<PstlAdr>
						<AdrTp>MLTO</AdrTp>
						<Dept>a</Dept>
						<SubDept>a</SubDept>
						<StrtNm>a</StrtNm>
						<BldgNb>a</BldgNb>
						<PstCd>a</PstCd>
						<TwnNm>a</TwnNm>
						<CtrySubDvsn>a</CtrySubDvsn>
						<Ctry>AA</Ctry>
						<AdrLine>a</AdrLine>
						<AdrLine>a</AdrLine>
					</PstlAdr>
					<Id>
						<OrgId>
							<AnyBIC>AAAAAA20</AnyBIC>
							<Othr>
								<Id>a</Id>
								<SchmeNm>
									<Cd>a</Cd>
								</SchmeNm>
								<Issr>a</Issr>
							</Othr>
						</OrgId>
					</Id>
					<CtryOfRes>AA</CtryOfRes>
					<CtctDtls>
						<NmPrfx>MADM</NmPrfx>
						<Nm>a</Nm>
						<PhneNb>+0-(</PhneNb>
						<MobNb>+0-(</MobNb>
						<FaxNb>+0-(</FaxNb>
						<EmailAdr>a</EmailAdr>
						<Othr>a</Othr>
					</CtctDtls>
				</Ownr>
				<Svcr>
					<FinInstnId>
						<BICFI>AAAAAA20</BICFI>
						<ClrSysMmbId>
							<ClrSysId>
								<Cd>a</Cd>
							</ClrSysId>
							<MmbId>a</MmbId>
						</ClrSysMmbId>
						<Nm>a</Nm>
						<PstlAdr>
							<AdrTp>PBOX</AdrTp>
							<Dept>a</Dept>
							<SubDept>a</SubDept>
							<StrtNm>a</StrtNm>
							<BldgNb>a</BldgNb>
							<PstCd>a</PstCd>
							<TwnNm>a</TwnNm>
							<CtrySubDvsn>a</CtrySubDvsn>
							<Ctry>AA</Ctry>
							<AdrLine>a</AdrLine>
							<AdrLine>a</AdrLine>
						</PstlAdr>
						<Othr>
							<Id>a</Id>
							<SchmeNm>
								<Cd>a</Cd>
							</SchmeNm>
							<Issr>a</Issr>
						</Othr>
					</FinInstnId>
					<BrnchId>
						<Id>a</Id>
						<Nm>a</Nm>
						<PstlAdr>
							<AdrTp>ADDR</AdrTp>
							<Dept>a</Dept>
							<SubDept>a</SubDept>
							<StrtNm>a</StrtNm>
							<BldgNb>a</BldgNb>
							<PstCd>a</PstCd>
							<TwnNm>a</TwnNm>
							<CtrySubDvsn>a</CtrySubDvsn>
							<Ctry>AA</Ctry>
							<AdrLine>a</AdrLine>
							<AdrLine>a</AdrLine>
						</PstlAdr>
					</BrnchId>
				</Svcr>
			</Acct>
			<RltdAcct>
				<Id>
					<IBAN>AA000</IBAN>
				</Id>
				<Tp>
					<Cd>a</Cd>
				</Tp>
				<Ccy>AAA</Ccy>
				<Nm>a</Nm>
			</RltdAcct>
			<Intrst>
				<Tp>
					<Cd>INDY</Cd>
				</Tp>
				<Rate>
					<Tp>
						<Pctg>1.1234567891</Pctg>
					</Tp>
					<VldtyRg>
						<Amt>
							<FrAmt>
								<BdryAmt>0</BdryAmt>
								<Incl>true</Incl>
							</FrAmt>
						</Amt>
						<CdtDbtInd>DBIT</CdtDbtInd>
						<Ccy>AAA</Ccy>
					</VldtyRg>
				</Rate>
				<FrToDt>
					<FrDtTm>2001-12-17T09:30:47Z</FrDtTm>
					<ToDtTm>2001-12-17T09:30:47Z</ToDtTm>
				</FrToDt>
				<Rsn>a</Rsn>
				<Tax>
					<Id>a</Id>
					<Rate>1.1234567891</Rate>
					<Amt Ccy="AAA">0</Amt>
				</Tax>
			</Intrst>
			<TxsSummry>
				<TtlNtries>
					<NbOfNtries>0</NbOfNtries>
					<Sum>1.12345678912345678</Sum>
					<TtlNetNtry>
						<Amt>0</Amt>
						<CdtDbtInd>DBIT</CdtDbtInd>
					</TtlNetNtry>
				</TtlNtries>
				<TtlCdtNtries>
					<NbOfNtries>0</NbOfNtries>
					<Sum>1.12345678912345678</Sum>
				</TtlCdtNtries>
				<TtlDbtNtries>
					<NbOfNtries>0</NbOfNtries>
					<Sum>1.12345678912345678</Sum>
				</TtlDbtNtries>
				<TtlNtriesPerBkTxCd>
					<NbOfNtries>0</NbOfNtries>
					<Sum>1.12345678912345678</Sum>
					<TtlNetNtry>
						<Amt>0</Amt>
						<CdtDbtInd>DBIT</CdtDbtInd>
					</TtlNetNtry>
					<FcstInd>true</FcstInd>
					<BkTxCd>
						<Domn>
							<Cd>a</Cd>
							<Fmly>
								<Cd>a</Cd>
								<SubFmlyCd>a</SubFmlyCd>
							</Fmly>
						</Domn>
						<Prtry>
							<Cd>a</Cd>
							<Issr>a</Issr>
						</Prtry>
					</BkTxCd>
					<Avlbty>
						<Dt>
							<NbOfDays>0</NbOfDays>
						</Dt>
						<Amt Ccy="AAA">0</Amt>
						<CdtDbtInd>CRDT</CdtDbtInd>
					</Avlbty>
				</TtlNtriesPerBkTxCd>
			</TxsSummry>
			<Ntry>
				<NtryRef>a</NtryRef>
				<Amt Ccy="AAA">0</Amt>
				<CdtDbtInd>CRDT</CdtDbtInd>
				<RvslInd>true</RvslInd>
				<Sts>BOOK</Sts>
				<BookgDt>
					<Dt>1967-08-13</Dt>
				</BookgDt>
				<ValDt>
					<Dt>1967-08-13</Dt>
				</ValDt>
				<AcctSvcrRef>a</AcctSvcrRef>
				<Avlbty>
					<Dt>
						<NbOfDays>0</NbOfDays>
					</Dt>
					<Amt Ccy="AAA">0</Amt>
					<CdtDbtInd>DBIT</CdtDbtInd>
				</Avlbty>
				<BkTxCd>
					<Domn>
						<Cd>a</Cd>
						<Fmly>
							<Cd>a</Cd>
							<SubFmlyCd>a</SubFmlyCd>
						</Fmly>
					</Domn>
					<Prtry>
						<Cd>a</Cd>
						<Issr>a</Issr>
					</Prtry>
				</BkTxCd>
				<ComssnWvrInd>true</ComssnWvrInd>
				<AddtlInfInd>
					<MsgNmId>a</MsgNmId>
					<MsgId>a</MsgId>
				</AddtlInfInd>
				<AmtDtls>
					<InstdAmt>
						<Amt Ccy="AAA">0</Amt>
						<CcyXchg>
							<SrcCcy>AAA</SrcCcy>
							<TrgtCcy>AAA</TrgtCcy>
							<UnitCcy>AAA</UnitCcy>
							<XchgRate>1.1234567891</XchgRate>
							<CtrctId>a</CtrctId>
							<QtnDt>2001-12-17T09:30:47Z</QtnDt>
						</CcyXchg>
					</InstdAmt>
					<TxAmt>
						<Amt Ccy="AAA">0</Amt>
						<CcyXchg>
							<SrcCcy>AAA</SrcCcy>
							<TrgtCcy>AAA</TrgtCcy>
							<UnitCcy>AAA</UnitCcy>
							<XchgRate>1.1234567891</XchgRate>
							<CtrctId>a</CtrctId>
							<QtnDt>2001-12-17T09:30:47Z</QtnDt>
						</CcyXchg>
					</TxAmt>
					<CntrValAmt>
						<Amt Ccy="AAA">0</Amt>
						<CcyXchg>
							<SrcCcy>AAA</SrcCcy>
							<TrgtCcy>AAA</TrgtCcy>
							<UnitCcy>AAA</UnitCcy>
							<XchgRate>1.1234567891</XchgRate>
							<CtrctId>a</CtrctId>
							<QtnDt>2001-12-17T09:30:47Z</QtnDt>
						</CcyXchg>
					</CntrValAmt>
					<AnncdPstngAmt>
						<Amt Ccy="AAA">0</Amt>
						<CcyXchg>
							<SrcCcy>AAA</SrcCcy>
							<TrgtCcy>AAA</TrgtCcy>
							<UnitCcy>AAA</UnitCcy>
							<XchgRate>1.1234567891</XchgRate>
							<CtrctId>a</CtrctId>
							<QtnDt>2001-12-17T09:30:47Z</QtnDt>
						</CcyXchg>
					</AnncdPstngAmt>
					<PrtryAmt>
						<Tp>a</Tp>
						<Amt Ccy="AAA">0</Amt>
						<CcyXchg>
							<SrcCcy>AAA</SrcCcy>
							<TrgtCcy>AAA</TrgtCcy>
							<UnitCcy>AAA</UnitCcy>
							<XchgRate>1.1234567891</XchgRate>
							<CtrctId>a</CtrctId>
							<QtnDt>2001-12-17T09:30:47Z</QtnDt>
						</CcyXchg>
					</PrtryAmt>
				</AmtDtls>
				<Chrgs>
					<TtlChrgsAndTaxAmt Ccy="AAA">0</TtlChrgsAndTaxAmt>
					<Rcrd>
						<Amt Ccy="AAA">0</Amt>
						<CdtDbtInd>CRDT</CdtDbtInd>
						<ChrgInclInd>true</ChrgInclInd>
						<Tp>
							<Cd>a</Cd>
						</Tp>
						<Rate>1.1234567891</Rate>
						<Br>CRED</Br>
						<Agt>
							<FinInstnId>
								<BICFI>AAAAAA20</BICFI>
								<ClrSysMmbId>
									<ClrSysId>
										<Cd>a</Cd>
									</ClrSysId>
									<MmbId>a</MmbId>
								</ClrSysMmbId>
								<Nm>a</Nm>
								<PstlAdr>
									<AdrTp>ADDR</AdrTp>
									<Dept>a</Dept>
									<SubDept>a</SubDept>
									<StrtNm>a</StrtNm>
									<BldgNb>a</BldgNb>
									<PstCd>a</PstCd>
									<TwnNm>a</TwnNm>
									<CtrySubDvsn>a</CtrySubDvsn>
									<Ctry>AA</Ctry>
									<AdrLine>a</AdrLine>
									<AdrLine>a</AdrLine>
								</PstlAdr>
								<Othr>
									<Id>a</Id>
									<SchmeNm>
										<Cd>a</Cd>
									</SchmeNm>
									<Issr>a</Issr>
								</Othr>
							</FinInstnId>
							<BrnchId>
								<Id>a</Id>
								<Nm>a</Nm>
								<PstlAdr>
									<AdrTp>PBOX</AdrTp>
									<Dept>a</Dept>
									<SubDept>a</SubDept>
									<StrtNm>a</StrtNm>
									<BldgNb>a</BldgNb>
									<PstCd>a</PstCd>
									<TwnNm>a</TwnNm>
									<CtrySubDvsn>a</CtrySubDvsn>
									<Ctry>AA</Ctry>
									<AdrLine>a</AdrLine>
									<AdrLine>a</AdrLine>
								</PstlAdr>
							</BrnchId>
						</Agt>
						<Tax>
							<Id>a</Id>
							<Rate>1.1234567891</Rate>
							<Amt Ccy="AAA">0</Amt>
						</Tax>
					</Rcrd>
				</Chrgs>
				<TechInptChanl>
					<Cd>a</Cd>
				</TechInptChanl>
				<Intrst>
					<TtlIntrstAndTaxAmt Ccy="AAA">0</TtlIntrstAndTaxAmt>
					<Rcrd>
						<Amt Ccy="AAA">0</Amt>
						<CdtDbtInd>CRDT</CdtDbtInd>
						<Tp>
							<Cd>INDY</Cd>
						</Tp>
						<Rate>
							<Tp>
								<Pctg>1.1234567891</Pctg>
							</Tp>
							<VldtyRg>
								<Amt>
									<FrAmt>
										<BdryAmt>0</BdryAmt>
										<Incl>true</Incl>
									</FrAmt>
								</Amt>
								<CdtDbtInd>DBIT</CdtDbtInd>
								<Ccy>AAA</Ccy>
							</VldtyRg>
						</Rate>
						<FrToDt>
							<FrDtTm>2001-12-17T09:30:47Z</FrDtTm>
							<ToDtTm>2001-12-17T09:30:47Z</ToDtTm>
						</FrToDt>
						<Rsn>a</Rsn>
						<Tax>
							<Id>a</Id>
							<Rate>1.1234567891</Rate>
							<Amt Ccy="AAA">0</Amt>
						</Tax>
					</Rcrd>
				</Intrst>
				<CardTx>
					<Card>
						<PlainCardData>
							<PAN>00000000</PAN>
							<CardSeqNb>00</CardSeqNb>
							<FctvDt>2001-12</FctvDt>
							<XpryDt>2001-12</XpryDt>
							<SvcCd>000</SvcCd>
							<TrckData>
								<TrckNb>0</TrckNb>
								<TrckVal>a</TrckVal>
							</TrckData>
							<CardSctyCd>
								<CSCMgmt>UNRD</CSCMgmt>
								<CSCVal>000</CSCVal>
							</CardSctyCd>
						</PlainCardData>
						<CardCtryCd>000</CardCtryCd>
						<CardBrnd>
							<Id>a</Id>
							<SchmeNm>a</SchmeNm>
							<Issr>a</Issr>
						</CardBrnd>
						<AddtlCardData>a</AddtlCardData>
					</Card>
					<POI>
						<Id>
							<Id>a</Id>
							<Tp>CISS</Tp>
							<Issr>MERC</Issr>
							<ShrtNm>a</ShrtNm>
						</Id>
						<SysNm>a</SysNm>
						<GrpId>a</GrpId>
						<Cpblties>
							<CardRdngCpblties>CICC</CardRdngCpblties>
							<CardRdngCpblties>CICC</CardRdngCpblties>
							<CrdhldrVrfctnCpblties>CHDT</CrdhldrVrfctnCpblties>
							<CrdhldrVrfctnCpblties>MNSG</CrdhldrVrfctnCpblties>
							<OnLineCpblties>SMON</OnLineCpblties>
							<DispCpblties>
								<DispTp>CDSP</DispTp>
								<NbOfLines>0</NbOfLines>
								<LineWidth>0</LineWidth>
							</DispCpblties>
							<PrtLineWidth>0</PrtLineWidth>
						</Cpblties>
						<Cmpnt>
							<POICmpntTp>PEDV</POICmpntTp>
							<ManfctrId>a</ManfctrId>
							<Mdl>a</Mdl>
							<VrsnNb>a</VrsnNb>
							<SrlNb>a</SrlNb>
							<ApprvlNb>a</ApprvlNb>
							<ApprvlNb>a</ApprvlNb>
						</Cmpnt>
					</POI>
					<AggtdNtry>
						<AddtlSvc>DCCV</AddtlSvc>
						<TxCtgy>a</TxCtgy>
						<SaleRcncltnId>a</SaleRcncltnId>
						<SeqNbRg>
							<FrstTx>a</FrstTx>
							<LastTx>a</LastTx>
						</SeqNbRg>
						<TxDtRg>
							<Dt>
								<FrDt>1967-08-13</FrDt>
								<ToDt>1967-08-13</ToDt>
							</Dt>
						</TxDtRg>
					</AggtdNtry>
					<PrePdAcct>
						<Id>
							<IBAN>AA000</IBAN>
						</Id>
						<Tp>
							<Cd>a</Cd>
						</Tp>
						<Ccy>AAA</Ccy>
						<Nm>a</Nm>
					</PrePdAcct>
				</CardTx>
				<NtryDtls>
					<Btch>
						<MsgId>a</MsgId>
						<PmtInfId>a</PmtInfId>
						<NbOfTxs>0</NbOfTxs>
						<TtlAmt Ccy="AAA">0</TtlAmt>
						<CdtDbtInd>DBIT</CdtDbtInd>
					</Btch>
					<TxDtls>
						<Refs>
							<MsgId>a</MsgId>
							<AcctSvcrRef>a</AcctSvcrRef>
							<PmtInfId>a</PmtInfId>
							<InstrId>a</InstrId>
							<EndToEndId>a</EndToEndId>
							<TxId>a</TxId>
							<MndtId>a</MndtId>
							<ChqNb>a</ChqNb>
							<ClrSysRef>a</ClrSysRef>
							<AcctOwnrTxId>a</AcctOwnrTxId>
							<AcctSvcrTxId>a</AcctSvcrTxId>
							<MktInfrstrctrTxId>a</MktInfrstrctrTxId>
							<PrcgId>a</PrcgId>
							<Prtry>
								<Tp>a</Tp>
								<Ref>a</Ref>
							</Prtry>
						</Refs>
						<Amt Ccy="AAA">0</Amt>
						<CdtDbtInd>DBIT</CdtDbtInd>
						<AmtDtls>
							<InstdAmt>
								<Amt Ccy="AAA">0</Amt>
								<CcyXchg>
									<SrcCcy>AAA</SrcCcy>
									<TrgtCcy>AAA</TrgtCcy>
									<UnitCcy>AAA</UnitCcy>
									<XchgRate>1.1234567891</XchgRate>
									<CtrctId>a</CtrctId>
									<QtnDt>2001-12-17T09:30:47Z</QtnDt>
								</CcyXchg>
							</InstdAmt>
							<TxAmt>
								<Amt Ccy="AAA">0</Amt>
								<CcyXchg>
									<SrcCcy>AAA</SrcCcy>
									<TrgtCcy>AAA</TrgtCcy>
									<UnitCcy>AAA</UnitCcy>
									<XchgRate>1.1234567891</XchgRate>
									<CtrctId>a</CtrctId>
									<QtnDt>2001-12-17T09:30:47Z</QtnDt>
								</CcyXchg>
							</TxAmt>
							<CntrValAmt>
								<Amt Ccy="AAA">0</Amt>
								<CcyXchg>
									<SrcCcy>AAA</SrcCcy>
									<TrgtCcy>AAA</TrgtCcy>
									<UnitCcy>AAA</UnitCcy>
									<XchgRate>1.1234567891</XchgRate>
									<CtrctId>a</CtrctId>
									<QtnDt>2001-12-17T09:30:47Z</QtnDt>
								</CcyXchg>
							</CntrValAmt>
							<AnncdPstngAmt>
								<Amt Ccy="AAA">0</Amt>
								<CcyXchg>
									<SrcCcy>AAA</SrcCcy>
									<TrgtCcy>AAA</TrgtCcy>
									<UnitCcy>AAA</UnitCcy>
									<XchgRate>1.1234567891</XchgRate>
									<CtrctId>a</CtrctId>
									<QtnDt>2001-12-17T09:30:47Z</QtnDt>
								</CcyXchg>
							</AnncdPstngAmt>
							<PrtryAmt>
								<Tp>a</Tp>
								<Amt Ccy="AAA">0</Amt>
								<CcyXchg>
									<SrcCcy>AAA</SrcCcy>
									<TrgtCcy>AAA</TrgtCcy>
									<UnitCcy>AAA</UnitCcy>
									<XchgRate>1.1234567891</XchgRate>
									<CtrctId>a</CtrctId>
									<QtnDt>2001-12-17T09:30:47Z</QtnDt>
								</CcyXchg>
							</PrtryAmt>
						</AmtDtls>
						<Avlbty>
							<Dt>
								<NbOfDays>0</NbOfDays>
							</Dt>
							<Amt Ccy="AAA">0</Amt>
							<CdtDbtInd>DBIT</CdtDbtInd>
						</Avlbty>
						<BkTxCd>
							<Domn>
								<Cd>a</Cd>
								<Fmly>
									<Cd>a</Cd>
									<SubFmlyCd>a</SubFmlyCd>
								</Fmly>
							</Domn>
							<Prtry>
								<Cd>a</Cd>
								<Issr>a</Issr>
							</Prtry>
						</BkTxCd>
						<Chrgs>
							<TtlChrgsAndTaxAmt Ccy="AAA">0</TtlChrgsAndTaxAmt>
							<Rcrd>
								<Amt Ccy="AAA">0</Amt>
								<CdtDbtInd>CRDT</CdtDbtInd>
								<ChrgInclInd>true</ChrgInclInd>
								<Tp>
									<Cd>a</Cd>
								</Tp>
								<Rate>1.1234567891</Rate>
								<Br>SHAR</Br>
								<Agt>
									<FinInstnId>
										<BICFI>AAAAAA20</BICFI>
										<ClrSysMmbId>
											<ClrSysId>
												<Cd>a</Cd>
											</ClrSysId>
											<MmbId>a</MmbId>
										</ClrSysMmbId>
										<Nm>a</Nm>
										<PstlAdr>
											<AdrTp>ADDR</AdrTp>
											<Dept>a</Dept>
											<SubDept>a</SubDept>
											<StrtNm>a</StrtNm>
											<BldgNb>a</BldgNb>
											<PstCd>a</PstCd>
											<TwnNm>a</TwnNm>
											<CtrySubDvsn>a</CtrySubDvsn>
											<Ctry>AA</Ctry>
											<AdrLine>a</AdrLine>
											<AdrLine>a</AdrLine>
										</PstlAdr>
										<Othr>
											<Id>a</Id>
											<SchmeNm>
												<Cd>a</Cd>
											</SchmeNm>
											<Issr>a</Issr>
										</Othr>
									</FinInstnId>
									<BrnchId>
										<Id>a</Id>
										<Nm>a</Nm>
										<PstlAdr>
											<AdrTp>BIZZ</AdrTp>
											<Dept>a</Dept>
											<SubDept>a</SubDept>
											<StrtNm>a</StrtNm>
											<BldgNb>a</BldgNb>
											<PstCd>a</PstCd>
											<TwnNm>a</TwnNm>
											<CtrySubDvsn>a</CtrySubDvsn>
											<Ctry>AA</Ctry>
											<AdrLine>a</AdrLine>
											<AdrLine>a</AdrLine>
										</PstlAdr>
									</BrnchId>
								</Agt>
								<Tax>
									<Id>a</Id>
									<Rate>1.1234567891</Rate>
									<Amt Ccy="AAA">0</Amt>
								</Tax>
							</Rcrd>
						</Chrgs>
						<Intrst>
							<TtlIntrstAndTaxAmt Ccy="AAA">0</TtlIntrstAndTaxAmt>
							<Rcrd>
								<Amt Ccy="AAA">0</Amt>
								<CdtDbtInd>DBIT</CdtDbtInd>
								<Tp>
									<Cd>INDY</Cd>
								</Tp>
								<Rate>
									<Tp>
										<Pctg>1.1234567891</Pctg>
									</Tp>
									<VldtyRg>
										<Amt>
											<FrAmt>
												<BdryAmt>0</BdryAmt>
												<Incl>true</Incl>
											</FrAmt>
										</Amt>
										<CdtDbtInd>CRDT</CdtDbtInd>
										<Ccy>AAA</Ccy>
									</VldtyRg>
								</Rate>
								<FrToDt>
									<FrDtTm>2001-12-17T09:30:47Z</FrDtTm>
									<ToDtTm>2001-12-17T09:30:47Z</ToDtTm>
								</FrToDt>
								<Rsn>a</Rsn>
								<Tax>
									<Id>a</Id>
									<Rate>1.1234567891</Rate>
									<Amt Ccy="AAA">0</Amt>
								</Tax>
							</Rcrd>
						</Intrst>
						<RltdPties>
							<InitgPty>
								<Nm>a</Nm>
								<PstlAdr>
									<AdrTp>HOME</AdrTp>
									<Dept>a</Dept>
									<SubDept>a</SubDept>
									<StrtNm>a</StrtNm>
									<BldgNb>a</BldgNb>
									<PstCd>a</PstCd>
									<TwnNm>a</TwnNm>
									<CtrySubDvsn>a</CtrySubDvsn>
									<Ctry>AA</Ctry>
									<AdrLine>a</AdrLine>
									<AdrLine>a</AdrLine>
								</PstlAdr>
								<Id>
									<OrgId>
										<AnyBIC>AAAAAA20</AnyBIC>
										<Othr>
											<Id>a</Id>
											<SchmeNm>
												<Cd>a</Cd>
											</SchmeNm>
											<Issr>a</Issr>
										</Othr>
									</OrgId>
								</Id>
								<CtryOfRes>AA</CtryOfRes>
								<CtctDtls>
									<NmPrfx>MISS</NmPrfx>
									<Nm>a</Nm>
									<PhneNb>+0-(</PhneNb>
									<MobNb>+0-(</MobNb>
									<FaxNb>+0-(</FaxNb>
									<EmailAdr>a</EmailAdr>
									<Othr>a</Othr>
								</CtctDtls>
							</InitgPty>
							<Dbtr>
								<Nm>a</Nm>
								<PstlAdr>
									<AdrTp>HOME</AdrTp>
									<Dept>a</Dept>
									<SubDept>a</SubDept>
									<StrtNm>a</StrtNm>
									<BldgNb>a</BldgNb>
									<PstCd>a</PstCd>
									<TwnNm>a</TwnNm>
									<CtrySubDvsn>a</CtrySubDvsn>
									<Ctry>AA</Ctry>
									<AdrLine>a</AdrLine>
									<AdrLine>a</AdrLine>
								</PstlAdr>
								<Id>
									<OrgId>
										<AnyBIC>AAAAAA20</AnyBIC>
										<Othr>
											<Id>a</Id>
											<SchmeNm>
												<Cd>a</Cd>
											</SchmeNm>
											<Issr>a</Issr>
										</Othr>
									</OrgId>
								</Id>
								<CtryOfRes>AA</CtryOfRes>
								<CtctDtls>
									<NmPrfx>MISS</NmPrfx>
									<Nm>a</Nm>
									<PhneNb>+0-(</PhneNb>
									<MobNb>+0-(</MobNb>
									<FaxNb>+0-(</FaxNb>
									<EmailAdr>a</EmailAdr>
									<Othr>a</Othr>
								</CtctDtls>
							</Dbtr>
							<DbtrAcct>
								<Id>
									<IBAN>AA000</IBAN>
								</Id>
								<Tp>
									<Cd>a</Cd>
								</Tp>
								<Ccy>AAA</Ccy>
								<Nm>a</Nm>
							</DbtrAcct>
							<UltmtDbtr>
								<Nm>a</Nm>
								<PstlAdr>
									<AdrTp>HOME</AdrTp>
									<Dept>a</Dept>
									<SubDept>a</SubDept>
									<StrtNm>a</StrtNm>
									<BldgNb>a</BldgNb>
									<PstCd>a</PstCd>
									<TwnNm>a</TwnNm>
									<CtrySubDvsn>a</CtrySubDvsn>
									<Ctry>AA</Ctry>
									<AdrLine>a</AdrLine>
									<AdrLine>a</AdrLine>
								</PstlAdr>
								<Id>
									<OrgId>
										<AnyBIC>AAAAAA20</AnyBIC>
										<Othr>
											<Id>a</Id>
											<SchmeNm>
												<Cd>a</Cd>
											</SchmeNm>
											<Issr>a</Issr>
										</Othr>
									</OrgId>
								</Id>
								<CtryOfRes>AA</CtryOfRes>
								<CtctDtls>
									<NmPrfx>MADM</NmPrfx>
									<Nm>a</Nm>
									<PhneNb>+0-(</PhneNb>
									<MobNb>+0-(</MobNb>
									<FaxNb>+0-(</FaxNb>
									<EmailAdr>a</EmailAdr>
									<Othr>a</Othr>
								</CtctDtls>
							</UltmtDbtr>
							<Cdtr>
								<Nm>a</Nm>
								<PstlAdr>
									<AdrTp>ADDR</AdrTp>
									<Dept>a</Dept>
									<SubDept>a</SubDept>
									<StrtNm>a</StrtNm>
									<BldgNb>a</BldgNb>
									<PstCd>a</PstCd>
									<TwnNm>a</TwnNm>
									<CtrySubDvsn>a</CtrySubDvsn>
									<Ctry>AA</Ctry>
									<AdrLine>a</AdrLine>
									<AdrLine>a</AdrLine>
								</PstlAdr>
								<Id>
									<OrgId>
										<AnyBIC>AAAAAA20</AnyBIC>
										<Othr>
											<Id>a</Id>
											<SchmeNm>
												<Cd>a</Cd>
											</SchmeNm>
											<Issr>a</Issr>
										</Othr>
									</OrgId>
								</Id>
								<CtryOfRes>AA</CtryOfRes>
								<CtctDtls>
									<NmPrfx>MADM</NmPrfx>
									<Nm>a</Nm>
									<PhneNb>+0-(</PhneNb>
									<MobNb>+0-(</MobNb>
									<FaxNb>+0-(</FaxNb>
									<EmailAdr>a</EmailAdr>
									<Othr>a</Othr>
								</CtctDtls>
							</Cdtr>
							<CdtrAcct>
								<Id>
									<IBAN>AA000</IBAN>
								</Id>
								<Tp>
									<Cd>a</Cd>
								</Tp>
								<Ccy>AAA</Ccy>
								<Nm>a</Nm>
							</CdtrAcct>
							<UltmtCdtr>
								<Nm>a</Nm>
								<PstlAdr>
									<AdrTp>MLTO</AdrTp>
									<Dept>a</Dept>
									<SubDept>a</SubDept>
									<StrtNm>a</StrtNm>
									<BldgNb>a</BldgNb>
									<PstCd>a</PstCd>
									<TwnNm>a</TwnNm>
									<CtrySubDvsn>a</CtrySubDvsn>
									<Ctry>AA</Ctry>
									<AdrLine>a</AdrLine>
									<AdrLine>a</AdrLine>
								</PstlAdr>
								<Id>
									<OrgId>
										<AnyBIC>AAAAAA20</AnyBIC>
										<Othr>
											<Id>a</Id>
											<SchmeNm>
												<Cd>a</Cd>
											</SchmeNm>
											<Issr>a</Issr>
										</Othr>
									</OrgId>
								</Id>
								<CtryOfRes>AA</CtryOfRes>
								<CtctDtls>
									<NmPrfx>MADM</NmPrfx>
									<Nm>a</Nm>
									<PhneNb>+0-(</PhneNb>
									<MobNb>+0-(</MobNb>
									<FaxNb>+0-(</FaxNb>
									<EmailAdr>a</EmailAdr>
									<Othr>a</Othr>
								</CtctDtls>
							</UltmtCdtr>
							<TradgPty>
								<Nm>a</Nm>
								<PstlAdr>
									<AdrTp>DLVY</AdrTp>
									<Dept>a</Dept>
									<SubDept>a</SubDept>
									<StrtNm>a</StrtNm>
									<BldgNb>a</BldgNb>
									<PstCd>a</PstCd>
									<TwnNm>a</TwnNm>
									<CtrySubDvsn>a</CtrySubDvsn>
									<Ctry>AA</Ctry>
									<AdrLine>a</AdrLine>
									<AdrLine>a</AdrLine>
								</PstlAdr>
								<Id>
									<OrgId>
										<AnyBIC>AAAAAA20</AnyBIC>
										<Othr>
											<Id>a</Id>
											<SchmeNm>
												<Cd>a</Cd>
											</SchmeNm>
											<Issr>a</Issr>
										</Othr>
									</OrgId>
								</Id>
								<CtryOfRes>AA</CtryOfRes>
								<CtctDtls>
									<NmPrfx>MADM</NmPrfx>
									<Nm>a</Nm>
									<PhneNb>+0-(</PhneNb>
									<MobNb>+0-(</MobNb>
									<FaxNb>+0-(</FaxNb>
									<EmailAdr>a</EmailAdr>
									<Othr>a</Othr>
								</CtctDtls>
							</TradgPty>
							<Prtry>
								<Tp>a</Tp>
								<Pty>
									<Nm>a</Nm>
									<PstlAdr>
										<AdrTp>BIZZ</AdrTp>
										<Dept>a</Dept>
										<SubDept>a</SubDept>
										<StrtNm>a</StrtNm>
										<BldgNb>a</BldgNb>
										<PstCd>a</PstCd>
										<TwnNm>a</TwnNm>
										<CtrySubDvsn>a</CtrySubDvsn>
										<Ctry>AA</Ctry>
										<AdrLine>a</AdrLine>
										<AdrLine>a</AdrLine>
									</PstlAdr>
									<Id>
										<OrgId>
											<AnyBIC>AAAAAA20</AnyBIC>
											<Othr>
												<Id>a</Id>
												<SchmeNm>
													<Cd>a</Cd>
												</SchmeNm>
												<Issr>a</Issr>
											</Othr>
										</OrgId>
									</Id>
									<CtryOfRes>AA</CtryOfRes>
									<CtctDtls>
										<NmPrfx>DOCT</NmPrfx>
										<Nm>a</Nm>
										<PhneNb>+0-(</PhneNb>
										<MobNb>+0-(</MobNb>
										<FaxNb>+0-(</FaxNb>
										<EmailAdr>a</EmailAdr>
										<Othr>a</Othr>
									</CtctDtls>
								</Pty>
							</Prtry>
						</RltdPties>
						<RltdAgts>
							<DbtrAgt>
								<FinInstnId>
									<BICFI>AAAAAA20</BICFI>
									<ClrSysMmbId>
										<ClrSysId>
											<Cd>a</Cd>
										</ClrSysId>
										<MmbId>a</MmbId>
									</ClrSysMmbId>
									<Nm>a</Nm>
									<PstlAdr>
										<AdrTp>ADDR</AdrTp>
										<Dept>a</Dept>
										<SubDept>a</SubDept>
										<StrtNm>a</StrtNm>
										<BldgNb>a</BldgNb>
										<PstCd>a</PstCd>
										<TwnNm>a</TwnNm>
										<CtrySubDvsn>a</CtrySubDvsn>
										<Ctry>AA</Ctry>
										<AdrLine>a</AdrLine>
										<AdrLine>a</AdrLine>
									</PstlAdr>
									<Othr>
										<Id>a</Id>
										<SchmeNm>
											<Cd>a</Cd>
										</SchmeNm>
										<Issr>a</Issr>
									</Othr>
								</FinInstnId>
								<BrnchId>
									<Id>a</Id>
									<Nm>a</Nm>
									<PstlAdr>
										<AdrTp>DLVY</AdrTp>
										<Dept>a</Dept>
										<SubDept>a</SubDept>
										<StrtNm>a</StrtNm>
										<BldgNb>a</BldgNb>
										<PstCd>a</PstCd>
										<TwnNm>a</TwnNm>
										<CtrySubDvsn>a</CtrySubDvsn>
										<Ctry>AA</Ctry>
										<AdrLine>a</AdrLine>
										<AdrLine>a</AdrLine>
									</PstlAdr>
								</BrnchId>
							</DbtrAgt>
							<CdtrAgt>
								<FinInstnId>
									<BICFI>AAAAAA20</BICFI>
									<ClrSysMmbId>
										<ClrSysId>
											<Cd>a</Cd>
										</ClrSysId>
										<MmbId>a</MmbId>
									</ClrSysMmbId>
									<Nm>a</Nm>
									<PstlAdr>
										<AdrTp>HOME</AdrTp>
										<Dept>a</Dept>
										<SubDept>a</SubDept>
										<StrtNm>a</StrtNm>
										<BldgNb>a</BldgNb>
										<PstCd>a</PstCd>
										<TwnNm>a</TwnNm>
										<CtrySubDvsn>a</CtrySubDvsn>
										<Ctry>AA</Ctry>
										<AdrLine>a</AdrLine>
										<AdrLine>a</AdrLine>
									</PstlAdr>
									<Othr>
										<Id>a</Id>
										<SchmeNm>
											<Cd>a</Cd>
										</SchmeNm>
										<Issr>a</Issr>
									</Othr>
								</FinInstnId>
								<BrnchId>
									<Id>a</Id>
									<Nm>a</Nm>
									<PstlAdr>
										<AdrTp>HOME</AdrTp>
										<Dept>a</Dept>
										<SubDept>a</SubDept>
										<StrtNm>a</StrtNm>
										<BldgNb>a</BldgNb>
										<PstCd>a</PstCd>
										<TwnNm>a</TwnNm>
										<CtrySubDvsn>a</CtrySubDvsn>
										<Ctry>AA</Ctry>
										<AdrLine>a</AdrLine>
										<AdrLine>a</AdrLine>
									</PstlAdr>
								</BrnchId>
							</CdtrAgt>
							<IntrmyAgt1>
								<FinInstnId>
									<BICFI>AAAAAA20</BICFI>
									<ClrSysMmbId>
										<ClrSysId>
											<Cd>a</Cd>
										</ClrSysId>
										<MmbId>a</MmbId>
									</ClrSysMmbId>
									<Nm>a</Nm>
									<PstlAdr>
										<AdrTp>BIZZ</AdrTp>
										<Dept>a</Dept>
										<SubDept>a</SubDept>
										<StrtNm>a</StrtNm>
										<BldgNb>a</BldgNb>
										<PstCd>a</PstCd>
										<TwnNm>a</TwnNm>
										<CtrySubDvsn>a</CtrySubDvsn>
										<Ctry>AA</Ctry>
										<AdrLine>a</AdrLine>
										<AdrLine>a</AdrLine>
									</PstlAdr>
									<Othr>
										<Id>a</Id>
										<SchmeNm>
											<Cd>a</Cd>
										</SchmeNm>
										<Issr>a</Issr>
									</Othr>
								</FinInstnId>
								<BrnchId>
									<Id>a</Id>
									<Nm>a</Nm>
									<PstlAdr>
										<AdrTp>MLTO</AdrTp>
										<Dept>a</Dept>
										<SubDept>a</SubDept>
										<StrtNm>a</StrtNm>
										<BldgNb>a</BldgNb>
										<PstCd>a</PstCd>
										<TwnNm>a</TwnNm>
										<CtrySubDvsn>a</CtrySubDvsn>
										<Ctry>AA</Ctry>
										<AdrLine>a</AdrLine>
										<AdrLine>a</AdrLine>
									</PstlAdr>
								</BrnchId>
							</IntrmyAgt1>
							<IntrmyAgt2>
								<FinInstnId>
									<BICFI>AAAAAA20</BICFI>
									<ClrSysMmbId>
										<ClrSysId>
											<Cd>a</Cd>
										</ClrSysId>
										<MmbId>a</MmbId>
									</ClrSysMmbId>
									<Nm>a</Nm>
									<PstlAdr>
										<AdrTp>HOME</AdrTp>
										<Dept>a</Dept>
										<SubDept>a</SubDept>
										<StrtNm>a</StrtNm>
										<BldgNb>a</BldgNb>
										<PstCd>a</PstCd>
										<TwnNm>a</TwnNm>
										<CtrySubDvsn>a</CtrySubDvsn>
										<Ctry>AA</Ctry>
										<AdrLine>a</AdrLine>
										<AdrLine>a</AdrLine>
									</PstlAdr>
									<Othr>
										<Id>a</Id>
										<SchmeNm>
											<Cd>a</Cd>
										</SchmeNm>
										<Issr>a</Issr>
									</Othr>
								</FinInstnId>
								<BrnchId>
									<Id>a</Id>
									<Nm>a</Nm>
									<PstlAdr>
										<AdrTp>MLTO</AdrTp>
										<Dept>a</Dept>
										<SubDept>a</SubDept>
										<StrtNm>a</StrtNm>
										<BldgNb>a</BldgNb>
										<PstCd>a</PstCd>
										<TwnNm>a</TwnNm>
										<CtrySubDvsn>a</CtrySubDvsn>
										<Ctry>AA</Ctry>
										<AdrLine>a</AdrLine>
										<AdrLine>a</AdrLine>
									</PstlAdr>
								</BrnchId>
							</IntrmyAgt2>
							<IntrmyAgt3>
								<FinInstnId>
									<BICFI>AAAAAA20</BICFI>
									<ClrSysMmbId>
										<ClrSysId>
											<Cd>a</Cd>
										</ClrSysId>
										<MmbId>a</MmbId>
									</ClrSysMmbId>
									<Nm>a</Nm>
									<PstlAdr>
										<AdrTp>MLTO</AdrTp>
										<Dept>a</Dept>
										<SubDept>a</SubDept>
										<StrtNm>a</StrtNm>
										<BldgNb>a</BldgNb>
										<PstCd>a</PstCd>
										<TwnNm>a</TwnNm>
										<CtrySubDvsn>a</CtrySubDvsn>
										<Ctry>AA</Ctry>
										<AdrLine>a</AdrLine>
										<AdrLine>a</AdrLine>
									</PstlAdr>
									<Othr>
										<Id>a</Id>
										<SchmeNm>
											<Cd>a</Cd>
										</SchmeNm>
										<Issr>a</Issr>
									</Othr>
								</FinInstnId>
								<BrnchId>
									<Id>a</Id>
									<Nm>a</Nm>
									<PstlAdr>
										<AdrTp>HOME</AdrTp>
										<Dept>a</Dept>
										<SubDept>a</SubDept>
										<StrtNm>a</StrtNm>
										<BldgNb>a</BldgNb>
										<PstCd>a</PstCd>
										<TwnNm>a</TwnNm>
										<CtrySubDvsn>a</CtrySubDvsn>
										<Ctry>AA</Ctry>
										<AdrLine>a</AdrLine>
										<AdrLine>a</AdrLine>
									</PstlAdr>
								</BrnchId>
							</IntrmyAgt3>
							<RcvgAgt>
								<FinInstnId>
									<BICFI>AAAAAA20</BICFI>
									<ClrSysMmbId>
										<ClrSysId>
											<Cd>a</Cd>
										</ClrSysId>
										<MmbId>a</MmbId>
									</ClrSysMmbId>
									<Nm>a</Nm>
									<PstlAdr>
										<AdrTp>PBOX</AdrTp>
										<Dept>a</Dept>
										<SubDept>a</SubDept>
										<StrtNm>a</StrtNm>
										<BldgNb>a</BldgNb>
										<PstCd>a</PstCd>
										<TwnNm>a</TwnNm>
										<CtrySubDvsn>a</CtrySubDvsn>
										<Ctry>AA</Ctry>
										<AdrLine>a</AdrLine>
										<AdrLine>a</AdrLine>
									</PstlAdr>
									<Othr>
										<Id>a</Id>
										<SchmeNm>
											<Cd>a</Cd>
										</SchmeNm>
										<Issr>a</Issr>
									</Othr>
								</FinInstnId>
								<BrnchId>
									<Id>a</Id>
									<Nm>a</Nm>
									<PstlAdr>
										<AdrTp>PBOX</AdrTp>
										<Dept>a</Dept>
										<SubDept>a</SubDept>
										<StrtNm>a</StrtNm>
										<BldgNb>a</BldgNb>
										<PstCd>a</PstCd>
										<TwnNm>a</TwnNm>
										<CtrySubDvsn>a</CtrySubDvsn>
										<Ctry>AA</Ctry>
										<AdrLine>a</AdrLine>
										<AdrLine>a</AdrLine>
									</PstlAdr>
								</BrnchId>
							</RcvgAgt>
							<DlvrgAgt>
								<FinInstnId>
									<BICFI>AAAAAA20</BICFI>
									<ClrSysMmbId>
										<ClrSysId>
											<Cd>a</Cd>
										</ClrSysId>
										<MmbId>a</MmbId>
									</ClrSysMmbId>
									<Nm>a</Nm>
									<PstlAdr>
										<AdrTp>DLVY</AdrTp>
										<Dept>a</Dept>
										<SubDept>a</SubDept>
										<StrtNm>a</StrtNm>
										<BldgNb>a</BldgNb>
										<PstCd>a</PstCd>
										<TwnNm>a</TwnNm>
										<CtrySubDvsn>a</CtrySubDvsn>
										<Ctry>AA</Ctry>
										<AdrLine>a</AdrLine>
										<AdrLine>a</AdrLine>
									</PstlAdr>
									<Othr>
										<Id>a</Id>
										<SchmeNm>
											<Cd>a</Cd>
										</SchmeNm>
										<Issr>a</Issr>
									</Othr>
								</FinInstnId>
								<BrnchId>
									<Id>a</Id>
									<Nm>a</Nm>
									<PstlAdr>
										<AdrTp>HOME</AdrTp>
										<Dept>a</Dept>
										<SubDept>a</SubDept>
										<StrtNm>a</StrtNm>
										<BldgNb>a</BldgNb>
										<PstCd>a</PstCd>
										<TwnNm>a</TwnNm>
										<CtrySubDvsn>a</CtrySubDvsn>
										<Ctry>AA</Ctry>
										<AdrLine>a</AdrLine>
										<AdrLine>a</AdrLine>
									</PstlAdr>
								</BrnchId>
							</DlvrgAgt>
							<IssgAgt>
								<FinInstnId>
									<BICFI>AAAAAA20</BICFI>
									<ClrSysMmbId>
										<ClrSysId>
											<Cd>a</Cd>
										</ClrSysId>
										<MmbId>a</MmbId>
									</ClrSysMmbId>
									<Nm>a</Nm>
									<PstlAdr>
										<AdrTp>PBOX</AdrTp>
										<Dept>a</Dept>
										<SubDept>a</SubDept>
										<StrtNm>a</StrtNm>
										<BldgNb>a</BldgNb>
										<PstCd>a</PstCd>
										<TwnNm>a</TwnNm>
										<CtrySubDvsn>a</CtrySubDvsn>
										<Ctry>AA</Ctry>
										<AdrLine>a</AdrLine>
										<AdrLine>a</AdrLine>
									</PstlAdr>
									<Othr>
										<Id>a</Id>
										<SchmeNm>
											<Cd>a</Cd>
										</SchmeNm>
										<Issr>a</Issr>
									</Othr>
								</FinInstnId>
								<BrnchId>
									<Id>a</Id>
									<Nm>a</Nm>
									<PstlAdr>
										<AdrTp>HOME</AdrTp>
										<Dept>a</Dept>
										<SubDept>a</SubDept>
										<StrtNm>a</StrtNm>
										<BldgNb>a</BldgNb>
										<PstCd>a</PstCd>
										<TwnNm>a</TwnNm>
										<CtrySubDvsn>a</CtrySubDvsn>
										<Ctry>AA</Ctry>
										<AdrLine>a</AdrLine>
										<AdrLine>a</AdrLine>
									</PstlAdr>
								</BrnchId>
							</IssgAgt>
							<SttlmPlc>
								<FinInstnId>
									<BICFI>AAAAAA20</BICFI>
									<ClrSysMmbId>
										<ClrSysId>
											<Cd>a</Cd>
										</ClrSysId>
										<MmbId>a</MmbId>
									</ClrSysMmbId>
									<Nm>a</Nm>
									<PstlAdr>
										<AdrTp>MLTO</AdrTp>
										<Dept>a</Dept>
										<SubDept>a</SubDept>
										<StrtNm>a</StrtNm>
										<BldgNb>a</BldgNb>
										<PstCd>a</PstCd>
										<TwnNm>a</TwnNm>
										<CtrySubDvsn>a</CtrySubDvsn>
										<Ctry>AA</Ctry>
										<AdrLine>a</AdrLine>
										<AdrLine>a</AdrLine>
									</PstlAdr>
									<Othr>
										<Id>a</Id>
										<SchmeNm>
											<Cd>a</Cd>
										</SchmeNm>
										<Issr>a</Issr>
									</Othr>
								</FinInstnId>
								<BrnchId>
									<Id>a</Id>
									<Nm>a</Nm>
									<PstlAdr>
										<AdrTp>PBOX</AdrTp>
										<Dept>a</Dept>
										<SubDept>a</SubDept>
										<StrtNm>a</StrtNm>
										<BldgNb>a</BldgNb>
										<PstCd>a</PstCd>
										<TwnNm>a</TwnNm>
										<CtrySubDvsn>a</CtrySubDvsn>
										<Ctry>AA</Ctry>
										<AdrLine>a</AdrLine>
										<AdrLine>a</AdrLine>
									</PstlAdr>
								</BrnchId>
							</SttlmPlc>
							<Prtry>
								<Tp>a</Tp>
								<Agt>
									<FinInstnId>
										<BICFI>AAAAAA20</BICFI>
										<ClrSysMmbId>
											<ClrSysId>
												<Cd>a</Cd>
											</ClrSysId>
											<MmbId>a</MmbId>
										</ClrSysMmbId>
										<Nm>a</Nm>
										<PstlAdr>
											<AdrTp>ADDR</AdrTp>
											<Dept>a</Dept>
											<SubDept>a</SubDept>
											<StrtNm>a</StrtNm>
											<BldgNb>a</BldgNb>
											<PstCd>a</PstCd>
											<TwnNm>a</TwnNm>
											<CtrySubDvsn>a</CtrySubDvsn>
											<Ctry>AA</Ctry>
											<AdrLine>a</AdrLine>
											<AdrLine>a</AdrLine>
										</PstlAdr>
										<Othr>
											<Id>a</Id>
											<SchmeNm>
												<Cd>a</Cd>
											</SchmeNm>
											<Issr>a</Issr>
										</Othr>
									</FinInstnId>
									<BrnchId>
										<Id>a</Id>
										<Nm>a</Nm>
										<PstlAdr>
											<AdrTp>DLVY</AdrTp>
											<Dept>a</Dept>
											<SubDept>a</SubDept>
											<StrtNm>a</StrtNm>
											<BldgNb>a</BldgNb>
											<PstCd>a</PstCd>
											<TwnNm>a</TwnNm>
											<CtrySubDvsn>a</CtrySubDvsn>
											<Ctry>AA</Ctry>
											<AdrLine>a</AdrLine>
											<AdrLine>a</AdrLine>
										</PstlAdr>
									</BrnchId>
								</Agt>
							</Prtry>
						</RltdAgts>
						<Purp>
							<Cd>a</Cd>
						</Purp>
						<RltdRmtInf>
							<RmtId>a</RmtId>
							<RmtLctnDtls>
								<Mtd>EMAL</Mtd>
								<ElctrncAdr>a</ElctrncAdr>
								<PstlAdr>
									<Nm>a</Nm>
									<Adr>
										<AdrTp>BIZZ</AdrTp>
										<Dept>a</Dept>
										<SubDept>a</SubDept>
										<StrtNm>a</StrtNm>
										<BldgNb>a</BldgNb>
										<PstCd>a</PstCd>
										<TwnNm>a</TwnNm>
										<CtrySubDvsn>a</CtrySubDvsn>
										<Ctry>AA</Ctry>
										<AdrLine>a</AdrLine>
										<AdrLine>a</AdrLine>
									</Adr>
								</PstlAdr>
							</RmtLctnDtls>
						</RltdRmtInf>
						<RmtInf>
							<Ustrd>a</Ustrd>
							<Ustrd>a</Ustrd>
							<Strd>
								<RfrdDocInf>
									<Tp>
										<CdOrPrtry>
											<Cd>TSUT</Cd>
											<Prtry>NC</Prtry>
										</CdOrPrtry>
										<Issr>a</Issr>
									</Tp>
									<Nb>a</Nb>
									<RltdDt>1967-08-13</RltdDt>
									<LineDtls>
										<Id>
											<Tp>
												<CdOrPrtry>
													<Cd>a</Cd>
													<Prtry>NC</Prtry>
												</CdOrPrtry>
												<Issr>a</Issr>
											</Tp>
											<Nb>a</Nb>
											<RltdDt>1967-08-13</RltdDt>
										</Id>
										<Desc>a</Desc>
										<Amt>
											<DuePyblAmt Ccy="AAA">0</DuePyblAmt>
											<DscntApldAmt>
												<Tp>
													<Cd>a</Cd>
												</Tp>
												<Amt Ccy="AAA">0</Amt>
											</DscntApldAmt>
											<CdtNoteAmt Ccy="AAA">0</CdtNoteAmt>
											<TaxAmt>
												<Tp>
													<Cd>a</Cd>
												</Tp>
												<Amt Ccy="AAA">0</Amt>
											</TaxAmt>
											<AdjstmntAmtAndRsn>
												<Amt Ccy="AAA">0</Amt>
												<CdtDbtInd>DBIT</CdtDbtInd>
												<Rsn>a</Rsn>
												<AddtlInf>a</AddtlInf>
											</AdjstmntAmtAndRsn>
											<RmtdAmt Ccy="AAA">0</RmtdAmt>
										</Amt>
									</LineDtls>
								</RfrdDocInf>
								<RfrdDocAmt>
									<DuePyblAmt Ccy="AAA">0</DuePyblAmt>
									<DscntApldAmt>
										<Tp>
											<Cd>a</Cd>
										</Tp>
										<Amt Ccy="AAA">0</Amt>
									</DscntApldAmt>
									<DscntApldAmt>
										<Tp>
											<Cd>a</Cd>
										</Tp>
										<Amt Ccy="AAA">0</Amt>
									</DscntApldAmt>
									<CdtNoteAmt Ccy="AAA">0</CdtNoteAmt>
									<TaxAmt>
										<Tp>
											<Cd>a</Cd>
										</Tp>
										<Amt Ccy="AAA">0</Amt>
									</TaxAmt>
									<AdjstmntAmtAndRsn>
										<Amt Ccy="AAA">0</Amt>
										<CdtDbtInd>DBIT</CdtDbtInd>
										<Rsn>a</Rsn>
										<AddtlInf>a</AddtlInf>
									</AdjstmntAmtAndRsn>
									<RmtdAmt Ccy="AAA">0</RmtdAmt>
								</RfrdDocAmt>
								<CdtrRefInf>
									<Tp>
										<CdOrPrtry>
											<Cd>RPIN</Cd>
											<Prtry>NC</Prtry>
										</CdOrPrtry>
										<Issr>a</Issr>
									</Tp>
									<Ref>a</Ref>
								</CdtrRefInf>
								<Invcr>
									<Nm>a</Nm>
									<PstlAdr>
										<AdrTp>ADDR</AdrTp>
										<Dept>a</Dept>
										<SubDept>a</SubDept>
										<StrtNm>a</StrtNm>
										<BldgNb>a</BldgNb>
										<PstCd>a</PstCd>
										<TwnNm>a</TwnNm>
										<CtrySubDvsn>a</CtrySubDvsn>
										<Ctry>AA</Ctry>
										<AdrLine>a</AdrLine>
										<AdrLine>a</AdrLine>
									</PstlAdr>
									<Id>
										<OrgId>
											<AnyBIC>AAAAAA20</AnyBIC>
											<Othr>
												<Id>a</Id>
												<SchmeNm>
													<Cd>a</Cd>
												</SchmeNm>
												<Issr>a</Issr>
											</Othr>
										</OrgId>
									</Id>
									<CtryOfRes>AA</CtryOfRes>
									<CtctDtls>
										<NmPrfx>MIST</NmPrfx>
										<Nm>a</Nm>
										<PhneNb>+0-(</PhneNb>
										<MobNb>+0-(</MobNb>
										<FaxNb>+0-(</FaxNb>
										<EmailAdr>a</EmailAdr>
										<Othr>a</Othr>
									</CtctDtls>
								</Invcr>
								<Invcee>
									<Nm>a</Nm>
									<PstlAdr>
										<AdrTp>BIZZ</AdrTp>
										<Dept>a</Dept>
										<SubDept>a</SubDept>
										<StrtNm>a</StrtNm>
										<BldgNb>a</BldgNb>
										<PstCd>a</PstCd>
										<TwnNm>a</TwnNm>
										<CtrySubDvsn>a</CtrySubDvsn>
										<Ctry>AA</Ctry>
										<AdrLine>a</AdrLine>
										<AdrLine>a</AdrLine>
									</PstlAdr>
									<Id>
										<OrgId>
											<AnyBIC>AAAAAA20</AnyBIC>
											<Othr>
												<Id>a</Id>
												<SchmeNm>
													<Cd>a</Cd>
												</SchmeNm>
												<Issr>a</Issr>
											</Othr>
										</OrgId>
									</Id>
									<CtryOfRes>AA</CtryOfRes>
									<CtctDtls>
										<NmPrfx>MISS</NmPrfx>
										<Nm>a</Nm>
										<PhneNb>+0-(</PhneNb>
										<MobNb>+0-(</MobNb>
										<FaxNb>+0-(</FaxNb>
										<EmailAdr>a</EmailAdr>
										<Othr>a</Othr>
									</CtctDtls>
								</Invcee>
								<TaxRmt>
									<Cdtr>
										<TaxId>a</TaxId>
										<RegnId>a</RegnId>
										<TaxTp>a</TaxTp>
									</Cdtr>
									<Dbtr>
										<TaxId>a</TaxId>
										<RegnId>a</RegnId>
										<TaxTp>a</TaxTp>
										<Authstn>
											<Titl>a</Titl>
											<Nm>a</Nm>
										</Authstn>
									</Dbtr>
									<UltmtDbtr>
										<TaxId>a</TaxId>
										<RegnId>a</RegnId>
										<TaxTp>a</TaxTp>
										<Authstn>
											<Titl>a</Titl>
											<Nm>a</Nm>
										</Authstn>
									</UltmtDbtr>
									<AdmstnZone>a</AdmstnZone>
									<RefNb>a</RefNb>
									<Mtd>a</Mtd>
									<TtlTaxblBaseAmt Ccy="AAA">0</TtlTaxblBaseAmt>
									<TtlTaxAmt Ccy="AAA">0</TtlTaxAmt>
									<Dt>1967-08-13</Dt>
									<SeqNb>123456789123456789</SeqNb>
									<Rcrd>
										<Tp>a</Tp>
										<Ctgy>a</Ctgy>
										<CtgyDtls>a</CtgyDtls>
										<DbtrSts>a</DbtrSts>
										<CertId>a</CertId>
										<FrmsCd>a</FrmsCd>
										<Prd>
											<Yr>1967-08-13</Yr>
											<Tp>HLF2</Tp>
											<FrToDt>
												<FrDt>1967-08-13</FrDt>
												<ToDt>1967-08-13</ToDt>
											</FrToDt>
										</Prd>
										<TaxAmt>
											<Rate>1.1234567891</Rate>
											<TaxblBaseAmt Ccy="AAA">0</TaxblBaseAmt>
											<TtlAmt Ccy="AAA">0</TtlAmt>
											<Dtls>
												<Prd>
													<Yr>1967-08-13</Yr>
													<Tp>QTR4</Tp>
													<FrToDt>
														<FrDt>1967-08-13</FrDt>
														<ToDt>1967-08-13</ToDt>
													</FrToDt>
												</Prd>
												<Amt Ccy="AAA">0</Amt>
											</Dtls>
										</TaxAmt>
										<AddtlInf>a</AddtlInf>
									</Rcrd>
								</TaxRmt>
								<GrnshmtRmt>
									<Tp>
										<CdOrPrtry>
											<Cd>a</Cd>
											<Prtry>NC</Prtry>
										</CdOrPrtry>
										<Issr>a</Issr>
									</Tp>
									<Grnshee>
										<Nm>a</Nm>
										<PstlAdr>
											<AdrTp>MLTO</AdrTp>
											<Dept>a</Dept>
											<SubDept>a</SubDept>
											<StrtNm>a</StrtNm>
											<BldgNb>a</BldgNb>
											<PstCd>a</PstCd>
											<TwnNm>a</TwnNm>
											<CtrySubDvsn>a</CtrySubDvsn>
											<Ctry>AA</Ctry>
											<AdrLine>a</AdrLine>
											<AdrLine>a</AdrLine>
										</PstlAdr>
										<Id>
											<OrgId>
												<AnyBIC>AAAAAA20</AnyBIC>
												<Othr>
													<Id>a</Id>
													<SchmeNm>
														<Cd>a</Cd>
													</SchmeNm>
													<Issr>a</Issr>
												</Othr>
											</OrgId>
										</Id>
										<CtryOfRes>AA</CtryOfRes>
										<CtctDtls>
											<NmPrfx>MIST</NmPrfx>
											<Nm>a</Nm>
											<PhneNb>+0-(</PhneNb>
											<MobNb>+0-(</MobNb>
											<FaxNb>+0-(</FaxNb>
											<EmailAdr>a</EmailAdr>
											<Othr>a</Othr>
										</CtctDtls>
									</Grnshee>
									<GrnshmtAdmstr>
										<Nm>a</Nm>
										<PstlAdr>
											<AdrTp>MLTO</AdrTp>
											<Dept>a</Dept>
											<SubDept>a</SubDept>
											<StrtNm>a</StrtNm>
											<BldgNb>a</BldgNb>
											<PstCd>a</PstCd>
											<TwnNm>a</TwnNm>
											<CtrySubDvsn>a</CtrySubDvsn>
											<Ctry>AA</Ctry>
											<AdrLine>a</AdrLine>
											<AdrLine>a</AdrLine>
										</PstlAdr>
										<Id>
											<OrgId>
												<AnyBIC>AAAAAA20</AnyBIC>
												<Othr>
													<Id>a</Id>
													<SchmeNm>
														<Cd>a</Cd>
													</SchmeNm>
													<Issr>a</Issr>
												</Othr>
											</OrgId>
										</Id>
										<CtryOfRes>AA</CtryOfRes>
										<CtctDtls>
											<NmPrfx>MIST</NmPrfx>
											<Nm>a</Nm>
											<PhneNb>+0-(</PhneNb>
											<MobNb>+0-(</MobNb>
											<FaxNb>+0-(</FaxNb>
											<EmailAdr>a</EmailAdr>
											<Othr>a</Othr>
										</CtctDtls>
									</GrnshmtAdmstr>
									<RefNb>a</RefNb>
									<Dt>1967-08-13</Dt>
									<RmtdAmt Ccy="AAA">0</RmtdAmt>
									<FmlyMdclInsrncInd>true</FmlyMdclInsrncInd>
									<MplyeeTermntnInd>true</MplyeeTermntnInd>
								</GrnshmtRmt>
								<AddtlRmtInf>a</AddtlRmtInf>
								<AddtlRmtInf>a</AddtlRmtInf>
							</Strd>
						</RmtInf>
						<RltdDts>
							<AccptncDtTm>2001-12-17T09:30:47Z</AccptncDtTm>
							<TradActvtyCtrctlSttlmDt>1967-08-13</TradActvtyCtrctlSttlmDt>
							<TradDt>1967-08-13</TradDt>
							<IntrBkSttlmDt>1967-08-13</IntrBkSttlmDt>
							<StartDt>1967-08-13</StartDt>
							<EndDt>1967-08-13</EndDt>
							<TxDtTm>2001-12-17T09:30:47Z</TxDtTm>
							<Prtry>
								<Tp>a</Tp>
								<Dt>
									<Dt>1967-08-13</Dt>
								</Dt>
							</Prtry>
							<Prtry>
								<Tp>a</Tp>
								<Dt>
									<Dt>1967-08-13</Dt>
								</Dt>
							</Prtry>
						</RltdDts>
						<RltdPric>
							<DealPric>
								<Tp>
									<Yldd>true</Yldd>
								</Tp>
								<Val>
									<Rate>1.1234567891</Rate>
								</Val>
							</DealPric>
						</RltdPric>
						<RltdQties>
							<Qty>
								<Unit>1.12345678912345678</Unit>
							</Qty>
						</RltdQties>
						<FinInstrmId>
							<ISIN>AA0000000000</ISIN>
							<OthrId>
								<Id>a</Id>
								<Sfx>a</Sfx>
								<Tp>
									<Cd>a</Cd>
								</Tp>
							</OthrId>
							<Desc>a</Desc>
						</FinInstrmId>
						<Tax>
							<Cdtr>
								<TaxId>a</TaxId>
								<RegnId>a</RegnId>
								<TaxTp>a</TaxTp>
							</Cdtr>
							<Dbtr>
								<TaxId>a</TaxId>
								<RegnId>a</RegnId>
								<TaxTp>a</TaxTp>
								<Authstn>
									<Titl>a</Titl>
									<Nm>a</Nm>
								</Authstn>
							</Dbtr>
							<AdmstnZn>a</AdmstnZn>
							<RefNb>a</RefNb>
							<Mtd>a</Mtd>
							<TtlTaxblBaseAmt Ccy="AAA">0</TtlTaxblBaseAmt>
							<TtlTaxAmt Ccy="AAA">0</TtlTaxAmt>
							<Dt>1967-08-13</Dt>
							<SeqNb>123456789123456789</SeqNb>
							<Rcrd>
								<Tp>a</Tp>
								<Ctgy>a</Ctgy>
								<CtgyDtls>a</CtgyDtls>
								<DbtrSts>a</DbtrSts>
								<CertId>a</CertId>
								<FrmsCd>a</FrmsCd>
								<Prd>
									<Yr>1967-08-13</Yr>
									<Tp>MM11</Tp>
									<FrToDt>
										<FrDt>1967-08-13</FrDt>
										<ToDt>1967-08-13</ToDt>
									</FrToDt>
								</Prd>
								<TaxAmt>
									<Rate>1.1234567891</Rate>
									<TaxblBaseAmt Ccy="AAA">0</TaxblBaseAmt>
									<TtlAmt Ccy="AAA">0</TtlAmt>
									<Dtls>
										<Prd>
											<Yr>1967-08-13</Yr>
											<Tp>QTR4</Tp>
											<FrToDt>
												<FrDt>1967-08-13</FrDt>
												<ToDt>1967-08-13</ToDt>
											</FrToDt>
										</Prd>
										<Amt Ccy="AAA">0</Amt>
									</Dtls>
								</TaxAmt>
								<AddtlInf>a</AddtlInf>
							</Rcrd>
						</Tax>
						<RtrInf>
							<OrgnlBkTxCd>
								<Domn>
									<Cd>a</Cd>
									<Fmly>
										<Cd>a</Cd>
										<SubFmlyCd>a</SubFmlyCd>
									</Fmly>
								</Domn>
								<Prtry>
									<Cd>a</Cd>
									<Issr>a</Issr>
								</Prtry>
							</OrgnlBkTxCd>
							<Orgtr>
								<Nm>a</Nm>
								<PstlAdr>
									<AdrTp>HOME</AdrTp>
									<Dept>a</Dept>
									<SubDept>a</SubDept>
									<StrtNm>a</StrtNm>
									<BldgNb>a</BldgNb>
									<PstCd>a</PstCd>
									<TwnNm>a</TwnNm>
									<CtrySubDvsn>a</CtrySubDvsn>
									<Ctry>AA</Ctry>
									<AdrLine>a</AdrLine>
									<AdrLine>a</AdrLine>
								</PstlAdr>
								<Id>
									<OrgId>
										<AnyBIC>AAAAAA20</AnyBIC>
										<Othr>
											<Id>a</Id>
											<SchmeNm>
												<Cd>a</Cd>
											</SchmeNm>
											<Issr>a</Issr>
										</Othr>
									</OrgId>
								</Id>
								<CtryOfRes>AA</CtryOfRes>
								<CtctDtls>
									<NmPrfx>MIST</NmPrfx>
									<Nm>a</Nm>
									<PhneNb>+0-(</PhneNb>
									<MobNb>+0-(</MobNb>
									<FaxNb>+0-(</FaxNb>
									<EmailAdr>a</EmailAdr>
									<Othr>a</Othr>
								</CtctDtls>
							</Orgtr>
							<Rsn>
								<Cd>a</Cd>
							</Rsn>
							<AddtlInf>a</AddtlInf>
							<AddtlInf>a</AddtlInf>
						</RtrInf>
						<CorpActn>
							<EvtTp>a</EvtTp>
							<EvtId>a</EvtId>
						</CorpActn>
						<SfkpgAcct>
							<Id>a</Id>
							<Tp>
								<Id>0000</Id>
								<Issr>a</Issr>
								<SchmeNm>a</SchmeNm>
							</Tp>
							<Nm>a</Nm>
						</SfkpgAcct>
						<CshDpst>
							<NoteDnmtn Ccy="AAA">0</NoteDnmtn>
							<NbOfNotes>0</NbOfNotes>
							<Amt Ccy="AAA">0</Amt>
						</CshDpst>
						<CardTx>
							<Card>
								<PlainCardData>
									<PAN>00000000</PAN>
									<CardSeqNb>00</CardSeqNb>
									<FctvDt>2001-12</FctvDt>
									<XpryDt>2001-12</XpryDt>
									<SvcCd>000</SvcCd>
									<TrckData>
										<TrckNb>0</TrckNb>
										<TrckVal>a</TrckVal>
									</TrckData>
									<CardSctyCd>
										<CSCMgmt>PRST</CSCMgmt>
										<CSCVal>000</CSCVal>
									</CardSctyCd>
								</PlainCardData>
								<CardCtryCd>000</CardCtryCd>
								<CardBrnd>
									<Id>a</Id>
									<SchmeNm>a</SchmeNm>
									<Issr>a</Issr>
								</CardBrnd>
								<AddtlCardData>a</AddtlCardData>
							</Card>
							<POI>
								<Id>
									<Id>a</Id>
									<Tp>CISS</Tp>
									<Issr>TAXH</Issr>
									<ShrtNm>a</ShrtNm>
								</Id>
								<SysNm>a</SysNm>
								<GrpId>a</GrpId>
								<Cpblties>
									<CardRdngCpblties>BRCD</CardRdngCpblties>
									<CardRdngCpblties>MGST</CardRdngCpblties>
									<CrdhldrVrfctnCpblties>FBIG</CrdhldrVrfctnCpblties>
									<CrdhldrVrfctnCpblties>MNSG</CrdhldrVrfctnCpblties>
									<OnLineCpblties>OFLN</OnLineCpblties>
									<DispCpblties>
										<DispTp>CDSP</DispTp>
										<NbOfLines>0</NbOfLines>
										<LineWidth>0</LineWidth>
									</DispCpblties>
									<PrtLineWidth>0</PrtLineWidth>
								</Cpblties>
								<Cmpnt>
									<POICmpntTp>SOFT</POICmpntTp>
									<ManfctrId>a</ManfctrId>
									<Mdl>a</Mdl>
									<VrsnNb>a</VrsnNb>
									<SrlNb>a</SrlNb>
									<ApprvlNb>a</ApprvlNb>
									<ApprvlNb>a</ApprvlNb>
								</Cmpnt>
							</POI>
							<Tx>
								<Aggtd>
									<AddtlSvc>DCCV</AddtlSvc>
									<TxCtgy>a</TxCtgy>
									<SaleRcncltnId>a</SaleRcncltnId>
									<SeqNbRg>
										<FrstTx>a</FrstTx>
										<LastTx>a</LastTx>
									</SeqNbRg>
									<TxDtRg>
										<Dt>
											<FrDt>1967-08-13</FrDt>
											<ToDt>1967-08-13</ToDt>
										</Dt>
									</TxDtRg>
								</Aggtd>
							</Tx>
							<PrePdAcct>
								<Id>
									<IBAN>AA000</IBAN>
								</Id>
								<Tp>
									<Cd>a</Cd>
								</Tp>
								<Ccy>AAA</Ccy>
								<Nm>a</Nm>
							</PrePdAcct>
						</CardTx>
						<AddtlTxInf>a</AddtlTxInf>
						<SplmtryData>
							<PlcAndNm>a</PlcAndNm>
							<Envlp>
								<auto-generated_for_wildcard xmlns=""/>
							</Envlp>
						</SplmtryData>
					</TxDtls>
					<TxDtls>
						<Refs>
							<MsgId>a</MsgId>
							<AcctSvcrRef>a</AcctSvcrRef>
							<PmtInfId>a</PmtInfId>
							<InstrId>a</InstrId>
							<EndToEndId>a</EndToEndId>
							<TxId>a</TxId>
							<MndtId>a</MndtId>
							<ChqNb>a</ChqNb>
							<ClrSysRef>a</ClrSysRef>
							<AcctOwnrTxId>a</AcctOwnrTxId>
							<AcctSvcrTxId>a</AcctSvcrTxId>
							<MktInfrstrctrTxId>a</MktInfrstrctrTxId>
							<PrcgId>a</PrcgId>
							<Prtry>
								<Tp>a</Tp>
								<Ref>a</Ref>
							</Prtry>
						</Refs>
						<Amt Ccy="AAA">0</Amt>
						<CdtDbtInd>DBIT</CdtDbtInd>
						<AmtDtls>
							<InstdAmt>
								<Amt Ccy="AAA">0</Amt>
								<CcyXchg>
									<SrcCcy>AAA</SrcCcy>
									<TrgtCcy>AAA</TrgtCcy>
									<UnitCcy>AAA</UnitCcy>
									<XchgRate>1.1234567891</XchgRate>
									<CtrctId>a</CtrctId>
									<QtnDt>2001-12-17T09:30:47Z</QtnDt>
								</CcyXchg>
							</InstdAmt>
							<TxAmt>
								<Amt Ccy="AAA">0</Amt>
								<CcyXchg>
									<SrcCcy>AAA</SrcCcy>
									<TrgtCcy>AAA</TrgtCcy>
									<UnitCcy>AAA</UnitCcy>
									<XchgRate>1.1234567891</XchgRate>
									<CtrctId>a</CtrctId>
									<QtnDt>2001-12-17T09:30:47Z</QtnDt>
								</CcyXchg>
							</TxAmt>
							<CntrValAmt>
								<Amt Ccy="AAA">0</Amt>
								<CcyXchg>
									<SrcCcy>AAA</SrcCcy>
									<TrgtCcy>AAA</TrgtCcy>
									<UnitCcy>AAA</UnitCcy>
									<XchgRate>1.1234567891</XchgRate>
									<CtrctId>a</CtrctId>
									<QtnDt>2001-12-17T09:30:47Z</QtnDt>
								</CcyXchg>
							</CntrValAmt>
							<AnncdPstngAmt>
								<Amt Ccy="AAA">0</Amt>
								<CcyXchg>
									<SrcCcy>AAA</SrcCcy>
									<TrgtCcy>AAA</TrgtCcy>
									<UnitCcy>AAA</UnitCcy>
									<XchgRate>1.1234567891</XchgRate>
									<CtrctId>a</CtrctId>
									<QtnDt>2001-12-17T09:30:47Z</QtnDt>
								</CcyXchg>
							</AnncdPstngAmt>
							<PrtryAmt>
								<Tp>a</Tp>
								<Amt Ccy="AAA">0</Amt>
								<CcyXchg>
									<SrcCcy>AAA</SrcCcy>
									<TrgtCcy>AAA</TrgtCcy>
									<UnitCcy>AAA</UnitCcy>
									<XchgRate>1.1234567891</XchgRate>
									<CtrctId>a</CtrctId>
									<QtnDt>2001-12-17T09:30:47Z</QtnDt>
								</CcyXchg>
							</PrtryAmt>
							<PrtryAmt>
								<Tp>a</Tp>
								<Amt Ccy="AAA">0</Amt>
								<CcyXchg>
									<SrcCcy>AAA</SrcCcy>
									<TrgtCcy>AAA</TrgtCcy>
									<UnitCcy>AAA</UnitCcy>
									<XchgRate>1.1234567891</XchgRate>
									<CtrctId>a</CtrctId>
									<QtnDt>2001-12-17T09:30:47Z</QtnDt>
								</CcyXchg>
							</PrtryAmt>
						</AmtDtls>
						<Avlbty>
							<Dt>
								<NbOfDays>0</NbOfDays>
							</Dt>
							<Amt Ccy="AAA">0</Amt>
							<CdtDbtInd>CRDT</CdtDbtInd>
						</Avlbty>
						<BkTxCd>
							<Domn>
								<Cd>a</Cd>
								<Fmly>
									<Cd>a</Cd>
									<SubFmlyCd>a</SubFmlyCd>
								</Fmly>
							</Domn>
							<Prtry>
								<Cd>a</Cd>
								<Issr>a</Issr>
							</Prtry>
						</BkTxCd>
						<Chrgs>
							<TtlChrgsAndTaxAmt Ccy="AAA">0</TtlChrgsAndTaxAmt>
							<Rcrd>
								<Amt Ccy="AAA">0</Amt>
								<CdtDbtInd>CRDT</CdtDbtInd>
								<ChrgInclInd>true</ChrgInclInd>
								<Tp>
									<Cd>a</Cd>
								</Tp>
								<Rate>1.1234567891</Rate>
								<Br>SLEV</Br>
								<Agt>
									<FinInstnId>
										<BICFI>AAAAAA20</BICFI>
										<ClrSysMmbId>
											<ClrSysId>
												<Cd>a</Cd>
											</ClrSysId>
											<MmbId>a</MmbId>
										</ClrSysMmbId>
										<Nm>a</Nm>
										<PstlAdr>
											<AdrTp>ADDR</AdrTp>
											<Dept>a</Dept>
											<SubDept>a</SubDept>
											<StrtNm>a</StrtNm>
											<BldgNb>a</BldgNb>
											<PstCd>a</PstCd>
											<TwnNm>a</TwnNm>
											<CtrySubDvsn>a</CtrySubDvsn>
											<Ctry>AA</Ctry>
											<AdrLine>a</AdrLine>
											<AdrLine>a</AdrLine>
										</PstlAdr>
										<Othr>
											<Id>a</Id>
											<SchmeNm>
												<Cd>a</Cd>
											</SchmeNm>
											<Issr>a</Issr>
										</Othr>
									</FinInstnId>
									<BrnchId>
										<Id>a</Id>
										<Nm>a</Nm>
										<PstlAdr>
											<AdrTp>BIZZ</AdrTp>
											<Dept>a</Dept>
											<SubDept>a</SubDept>
											<StrtNm>a</StrtNm>
											<BldgNb>a</BldgNb>
											<PstCd>a</PstCd>
											<TwnNm>a</TwnNm>
											<CtrySubDvsn>a</CtrySubDvsn>
											<Ctry>AA</Ctry>
											<AdrLine>a</AdrLine>
											<AdrLine>a</AdrLine>
										</PstlAdr>
									</BrnchId>
								</Agt>
								<Tax>
									<Id>a</Id>
									<Rate>1.1234567891</Rate>
									<Amt Ccy="AAA">0</Amt>
								</Tax>
							</Rcrd>
						</Chrgs>
						<Intrst>
							<TtlIntrstAndTaxAmt Ccy="AAA">0</TtlIntrstAndTaxAmt>
							<Rcrd>
								<Amt Ccy="AAA">0</Amt>
								<CdtDbtInd>DBIT</CdtDbtInd>
								<Tp>
									<Cd>OVRN</Cd>
								</Tp>
								<Rate>
									<Tp>
										<Pctg>1.1234567891</Pctg>
									</Tp>
									<VldtyRg>
										<Amt>
											<FrAmt>
												<BdryAmt>0</BdryAmt>
												<Incl>true</Incl>
											</FrAmt>
										</Amt>
										<CdtDbtInd>CRDT</CdtDbtInd>
										<Ccy>AAA</Ccy>
									</VldtyRg>
								</Rate>
								<FrToDt>
									<FrDtTm>2001-12-17T09:30:47Z</FrDtTm>
									<ToDtTm>2001-12-17T09:30:47Z</ToDtTm>
								</FrToDt>
								<Rsn>a</Rsn>
								<Tax>
									<Id>a</Id>
									<Rate>1.1234567891</Rate>
									<Amt Ccy="AAA">0</Amt>
								</Tax>
							</Rcrd>
						</Intrst>
						<RltdPties>
							<InitgPty>
								<Nm>a</Nm>
								<PstlAdr>
									<AdrTp>HOME</AdrTp>
									<Dept>a</Dept>
									<SubDept>a</SubDept>
									<StrtNm>a</StrtNm>
									<BldgNb>a</BldgNb>
									<PstCd>a</PstCd>
									<TwnNm>a</TwnNm>
									<CtrySubDvsn>a</CtrySubDvsn>
									<Ctry>AA</Ctry>
									<AdrLine>a</AdrLine>
									<AdrLine>a</AdrLine>
								</PstlAdr>
								<Id>
									<OrgId>
										<AnyBIC>AAAAAA20</AnyBIC>
										<Othr>
											<Id>a</Id>
											<SchmeNm>
												<Cd>a</Cd>
											</SchmeNm>
											<Issr>a</Issr>
										</Othr>
									</OrgId>
								</Id>
								<CtryOfRes>AA</CtryOfRes>
								<CtctDtls>
									<NmPrfx>DOCT</NmPrfx>
									<Nm>a</Nm>
									<PhneNb>+0-(</PhneNb>
									<MobNb>+0-(</MobNb>
									<FaxNb>+0-(</FaxNb>
									<EmailAdr>a</EmailAdr>
									<Othr>a</Othr>
								</CtctDtls>
							</InitgPty>
							<Dbtr>
								<Nm>a</Nm>
								<PstlAdr>
									<AdrTp>HOME</AdrTp>
									<Dept>a</Dept>
									<SubDept>a</SubDept>
									<StrtNm>a</StrtNm>
									<BldgNb>a</BldgNb>
									<PstCd>a</PstCd>
									<TwnNm>a</TwnNm>
									<CtrySubDvsn>a</CtrySubDvsn>
									<Ctry>AA</Ctry>
									<AdrLine>a</AdrLine>
									<AdrLine>a</AdrLine>
								</PstlAdr>
								<Id>
									<OrgId>
										<AnyBIC>AAAAAA20</AnyBIC>
										<Othr>
											<Id>a</Id>
											<SchmeNm>
												<Cd>a</Cd>
											</SchmeNm>
											<Issr>a</Issr>
										</Othr>
									</OrgId>
								</Id>
								<CtryOfRes>AA</CtryOfRes>
								<CtctDtls>
									<NmPrfx>MADM</NmPrfx>
									<Nm>a</Nm>
									<PhneNb>+0-(</PhneNb>
									<MobNb>+0-(</MobNb>
									<FaxNb>+0-(</FaxNb>
									<EmailAdr>a</EmailAdr>
									<Othr>a</Othr>
								</CtctDtls>
							</Dbtr>
							<DbtrAcct>
								<Id>
									<IBAN>AA000</IBAN>
								</Id>
								<Tp>
									<Cd>a</Cd>
								</Tp>
								<Ccy>AAA</Ccy>
								<Nm>a</Nm>
							</DbtrAcct>
							<UltmtDbtr>
								<Nm>a</Nm>
								<PstlAdr>
									<AdrTp>PBOX</AdrTp>
									<Dept>a</Dept>
									<SubDept>a</SubDept>
									<StrtNm>a</StrtNm>
									<BldgNb>a</BldgNb>
									<PstCd>a</PstCd>
									<TwnNm>a</TwnNm>
									<CtrySubDvsn>a</CtrySubDvsn>
									<Ctry>AA</Ctry>
									<AdrLine>a</AdrLine>
									<AdrLine>a</AdrLine>
								</PstlAdr>
								<Id>
									<OrgId>
										<AnyBIC>AAAAAA20</AnyBIC>
										<Othr>
											<Id>a</Id>
											<SchmeNm>
												<Cd>a</Cd>
											</SchmeNm>
											<Issr>a</Issr>
										</Othr>
									</OrgId>
								</Id>
								<CtryOfRes>AA</CtryOfRes>
								<CtctDtls>
									<NmPrfx>MISS</NmPrfx>
									<Nm>a</Nm>
									<PhneNb>+0-(</PhneNb>
									<MobNb>+0-(</MobNb>
									<FaxNb>+0-(</FaxNb>
									<EmailAdr>a</EmailAdr>
									<Othr>a</Othr>
								</CtctDtls>
							</UltmtDbtr>
							<Cdtr>
								<Nm>a</Nm>
								<PstlAdr>
									<AdrTp>ADDR</AdrTp>
									<Dept>a</Dept>
									<SubDept>a</SubDept>
									<StrtNm>a</StrtNm>
									<BldgNb>a</BldgNb>
									<PstCd>a</PstCd>
									<TwnNm>a</TwnNm>
									<CtrySubDvsn>a</CtrySubDvsn>
									<Ctry>AA</Ctry>
									<AdrLine>a</AdrLine>
									<AdrLine>a</AdrLine>
								</PstlAdr>
								<Id>
									<OrgId>
										<AnyBIC>AAAAAA20</AnyBIC>
										<Othr>
											<Id>a</Id>
											<SchmeNm>
												<Cd>a</Cd>
											</SchmeNm>
											<Issr>a</Issr>
										</Othr>
									</OrgId>
								</Id>
								<CtryOfRes>AA</CtryOfRes>
								<CtctDtls>
									<NmPrfx>MADM</NmPrfx>
									<Nm>a</Nm>
									<PhneNb>+0-(</PhneNb>
									<MobNb>+0-(</MobNb>
									<FaxNb>+0-(</FaxNb>
									<EmailAdr>a</EmailAdr>
									<Othr>a</Othr>
								</CtctDtls>
							</Cdtr>
							<CdtrAcct>
								<Id>
									<IBAN>AA000</IBAN>
								</Id>
								<Tp>
									<Cd>a</Cd>
								</Tp>
								<Ccy>AAA</Ccy>
								<Nm>a</Nm>
							</CdtrAcct>
							<UltmtCdtr>
								<Nm>a</Nm>
								<PstlAdr>
									<AdrTp>PBOX</AdrTp>
									<Dept>a</Dept>
									<SubDept>a</SubDept>
									<StrtNm>a</StrtNm>
									<BldgNb>a</BldgNb>
									<PstCd>a</PstCd>
									<TwnNm>a</TwnNm>
									<CtrySubDvsn>a</CtrySubDvsn>
									<Ctry>AA</Ctry>
									<AdrLine>a</AdrLine>
									<AdrLine>a</AdrLine>
								</PstlAdr>
								<Id>
									<OrgId>
										<AnyBIC>AAAAAA20</AnyBIC>
										<Othr>
											<Id>a</Id>
											<SchmeNm>
												<Cd>a</Cd>
											</SchmeNm>
											<Issr>a</Issr>
										</Othr>
									</OrgId>
								</Id>
								<CtryOfRes>AA</CtryOfRes>
								<CtctDtls>
									<NmPrfx>MISS</NmPrfx>
									<Nm>a</Nm>
									<PhneNb>+0-(</PhneNb>
									<MobNb>+0-(</MobNb>
									<FaxNb>+0-(</FaxNb>
									<EmailAdr>a</EmailAdr>
									<Othr>a</Othr>
								</CtctDtls>
							</UltmtCdtr>
							<TradgPty>
								<Nm>a</Nm>
								<PstlAdr>
									<AdrTp>HOME</AdrTp>
									<Dept>a</Dept>
									<SubDept>a</SubDept>
									<StrtNm>a</StrtNm>
									<BldgNb>a</BldgNb>
									<PstCd>a</PstCd>
									<TwnNm>a</TwnNm>
									<CtrySubDvsn>a</CtrySubDvsn>
									<Ctry>AA</Ctry>
									<AdrLine>a</AdrLine>
									<AdrLine>a</AdrLine>
								</PstlAdr>
								<Id>
									<OrgId>
										<AnyBIC>AAAAAA20</AnyBIC>
										<Othr>
											<Id>a</Id>
											<SchmeNm>
												<Cd>a</Cd>
											</SchmeNm>
											<Issr>a</Issr>
										</Othr>
									</OrgId>
								</Id>
								<CtryOfRes>AA</CtryOfRes>
								<CtctDtls>
									<NmPrfx>MISS</NmPrfx>
									<Nm>a</Nm>
									<PhneNb>+0-(</PhneNb>
									<MobNb>+0-(</MobNb>
									<FaxNb>+0-(</FaxNb>
									<EmailAdr>a</EmailAdr>
									<Othr>a</Othr>
								</CtctDtls>
							</TradgPty>
							<Prtry>
								<Tp>a</Tp>
								<Pty>
									<Nm>a</Nm>
									<PstlAdr>
										<AdrTp>BIZZ</AdrTp>
										<Dept>a</Dept>
										<SubDept>a</SubDept>
										<StrtNm>a</StrtNm>
										<BldgNb>a</BldgNb>
										<PstCd>a</PstCd>
										<TwnNm>a</TwnNm>
										<CtrySubDvsn>a</CtrySubDvsn>
										<Ctry>AA</Ctry>
										<AdrLine>a</AdrLine>
										<AdrLine>a</AdrLine>
									</PstlAdr>
									<Id>
										<OrgId>
											<AnyBIC>AAAAAA20</AnyBIC>
											<Othr>
												<Id>a</Id>
												<SchmeNm>
													<Cd>a</Cd>
												</SchmeNm>
												<Issr>a</Issr>
											</Othr>
										</OrgId>
									</Id>
									<CtryOfRes>AA</CtryOfRes>
									<CtctDtls>
										<NmPrfx>MISS</NmPrfx>
										<Nm>a</Nm>
										<PhneNb>+0-(</PhneNb>
										<MobNb>+0-(</MobNb>
										<FaxNb>+0-(</FaxNb>
										<EmailAdr>a</EmailAdr>
										<Othr>a</Othr>
									</CtctDtls>
								</Pty>
							</Prtry>
						</RltdPties>
						<RltdAgts>
							<DbtrAgt>
								<FinInstnId>
									<BICFI>AAAAAA20</BICFI>
									<ClrSysMmbId>
										<ClrSysId>
											<Cd>a</Cd>
										</ClrSysId>
										<MmbId>a</MmbId>
									</ClrSysMmbId>
									<Nm>a</Nm>
									<PstlAdr>
										<AdrTp>DLVY</AdrTp>
										<Dept>a</Dept>
										<SubDept>a</SubDept>
										<StrtNm>a</StrtNm>
										<BldgNb>a</BldgNb>
										<PstCd>a</PstCd>
										<TwnNm>a</TwnNm>
										<CtrySubDvsn>a</CtrySubDvsn>
										<Ctry>AA</Ctry>
										<AdrLine>a</AdrLine>
										<AdrLine>a</AdrLine>
									</PstlAdr>
									<Othr>
										<Id>a</Id>
										<SchmeNm>
											<Cd>a</Cd>
										</SchmeNm>
										<Issr>a</Issr>
									</Othr>
								</FinInstnId>
								<BrnchId>
									<Id>a</Id>
									<Nm>a</Nm>
									<PstlAdr>
										<AdrTp>BIZZ</AdrTp>
										<Dept>a</Dept>
										<SubDept>a</SubDept>
										<StrtNm>a</StrtNm>
										<BldgNb>a</BldgNb>
										<PstCd>a</PstCd>
										<TwnNm>a</TwnNm>
										<CtrySubDvsn>a</CtrySubDvsn>
										<Ctry>AA</Ctry>
										<AdrLine>a</AdrLine>
										<AdrLine>a</AdrLine>
									</PstlAdr>
								</BrnchId>
							</DbtrAgt>
							<CdtrAgt>
								<FinInstnId>
									<BICFI>AAAAAA20</BICFI>
									<ClrSysMmbId>
										<ClrSysId>
											<Cd>a</Cd>
										</ClrSysId>
										<MmbId>a</MmbId>
									</ClrSysMmbId>
									<Nm>a</Nm>
									<PstlAdr>
										<AdrTp>BIZZ</AdrTp>
										<Dept>a</Dept>
										<SubDept>a</SubDept>
										<StrtNm>a</StrtNm>
										<BldgNb>a</BldgNb>
										<PstCd>a</PstCd>
										<TwnNm>a</TwnNm>
										<CtrySubDvsn>a</CtrySubDvsn>
										<Ctry>AA</Ctry>
										<AdrLine>a</AdrLine>
										<AdrLine>a</AdrLine>
									</PstlAdr>
									<Othr>
										<Id>a</Id>
										<SchmeNm>
											<Cd>a</Cd>
										</SchmeNm>
										<Issr>a</Issr>
									</Othr>
								</FinInstnId>
								<BrnchId>
									<Id>a</Id>
									<Nm>a</Nm>
									<PstlAdr>
										<AdrTp>ADDR</AdrTp>
										<Dept>a</Dept>
										<SubDept>a</SubDept>
										<StrtNm>a</StrtNm>
										<BldgNb>a</BldgNb>
										<PstCd>a</PstCd>
										<TwnNm>a</TwnNm>
										<CtrySubDvsn>a</CtrySubDvsn>
										<Ctry>AA</Ctry>
										<AdrLine>a</AdrLine>
										<AdrLine>a</AdrLine>
									</PstlAdr>
								</BrnchId>
							</CdtrAgt>
							<IntrmyAgt1>
								<FinInstnId>
									<BICFI>AAAAAA20</BICFI>
									<ClrSysMmbId>
										<ClrSysId>
											<Cd>a</Cd>
										</ClrSysId>
										<MmbId>a</MmbId>
									</ClrSysMmbId>
									<Nm>a</Nm>
									<PstlAdr>
										<AdrTp>DLVY</AdrTp>
										<Dept>a</Dept>
										<SubDept>a</SubDept>
										<StrtNm>a</StrtNm>
										<BldgNb>a</BldgNb>
										<PstCd>a</PstCd>
										<TwnNm>a</TwnNm>
										<CtrySubDvsn>a</CtrySubDvsn>
										<Ctry>AA</Ctry>
										<AdrLine>a</AdrLine>
										<AdrLine>a</AdrLine>
									</PstlAdr>
									<Othr>
										<Id>a</Id>
										<SchmeNm>
											<Cd>a</Cd>
										</SchmeNm>
										<Issr>a</Issr>
									</Othr>
								</FinInstnId>
								<BrnchId>
									<Id>a</Id>
									<Nm>a</Nm>
									<PstlAdr>
										<AdrTp>MLTO</AdrTp>
										<Dept>a</Dept>
										<SubDept>a</SubDept>
										<StrtNm>a</StrtNm>
										<BldgNb>a</BldgNb>
										<PstCd>a</PstCd>
										<TwnNm>a</TwnNm>
										<CtrySubDvsn>a</CtrySubDvsn>
										<Ctry>AA</Ctry>
										<AdrLine>a</AdrLine>
										<AdrLine>a</AdrLine>
									</PstlAdr>
								</BrnchId>
							</IntrmyAgt1>
							<IntrmyAgt2>
								<FinInstnId>
									<BICFI>AAAAAA20</BICFI>
									<ClrSysMmbId>
										<ClrSysId>
											<Cd>a</Cd>
										</ClrSysId>
										<MmbId>a</MmbId>
									</ClrSysMmbId>
									<Nm>a</Nm>
									<PstlAdr>
										<AdrTp>HOME</AdrTp>
										<Dept>a</Dept>
										<SubDept>a</SubDept>
										<StrtNm>a</StrtNm>
										<BldgNb>a</BldgNb>
										<PstCd>a</PstCd>
										<TwnNm>a</TwnNm>
										<CtrySubDvsn>a</CtrySubDvsn>
										<Ctry>AA</Ctry>
										<AdrLine>a</AdrLine>
										<AdrLine>a</AdrLine>
									</PstlAdr>
									<Othr>
										<Id>a</Id>
										<SchmeNm>
											<Cd>a</Cd>
										</SchmeNm>
										<Issr>a</Issr>
									</Othr>
								</FinInstnId>
								<BrnchId>
									<Id>a</Id>
									<Nm>a</Nm>
									<PstlAdr>
										<AdrTp>HOME</AdrTp>
										<Dept>a</Dept>
										<SubDept>a</SubDept>
										<StrtNm>a</StrtNm>
										<BldgNb>a</BldgNb>
										<PstCd>a</PstCd>
										<TwnNm>a</TwnNm>
										<CtrySubDvsn>a</CtrySubDvsn>
										<Ctry>AA</Ctry>
										<AdrLine>a</AdrLine>
										<AdrLine>a</AdrLine>
									</PstlAdr>
								</BrnchId>
							</IntrmyAgt2>
							<IntrmyAgt3>
								<FinInstnId>
									<BICFI>AAAAAA20</BICFI>
									<ClrSysMmbId>
										<ClrSysId>
											<Cd>a</Cd>
										</ClrSysId>
										<MmbId>a</MmbId>
									</ClrSysMmbId>
									<Nm>a</Nm>
									<PstlAdr>
										<AdrTp>BIZZ</AdrTp>
										<Dept>a</Dept>
										<SubDept>a</SubDept>
										<StrtNm>a</StrtNm>
										<BldgNb>a</BldgNb>
										<PstCd>a</PstCd>
										<TwnNm>a</TwnNm>
										<CtrySubDvsn>a</CtrySubDvsn>
										<Ctry>AA</Ctry>
										<AdrLine>a</AdrLine>
										<AdrLine>a</AdrLine>
									</PstlAdr>
									<Othr>
										<Id>a</Id>
										<SchmeNm>
											<Cd>a</Cd>
										</SchmeNm>
										<Issr>a</Issr>
									</Othr>
								</FinInstnId>
								<BrnchId>
									<Id>a</Id>
									<Nm>a</Nm>
									<PstlAdr>
										<AdrTp>ADDR</AdrTp>
										<Dept>a</Dept>
										<SubDept>a</SubDept>
										<StrtNm>a</StrtNm>
										<BldgNb>a</BldgNb>
										<PstCd>a</PstCd>
										<TwnNm>a</TwnNm>
										<CtrySubDvsn>a</CtrySubDvsn>
										<Ctry>AA</Ctry>
										<AdrLine>a</AdrLine>
										<AdrLine>a</AdrLine>
									</PstlAdr>
								</BrnchId>
							</IntrmyAgt3>
							<RcvgAgt>
								<FinInstnId>
									<BICFI>AAAAAA20</BICFI>
									<ClrSysMmbId>
										<ClrSysId>
											<Cd>a</Cd>
										</ClrSysId>
										<MmbId>a</MmbId>
									</ClrSysMmbId>
									<Nm>a</Nm>
									<PstlAdr>
										<AdrTp>DLVY</AdrTp>
										<Dept>a</Dept>
										<SubDept>a</SubDept>
										<StrtNm>a</StrtNm>
										<BldgNb>a</BldgNb>
										<PstCd>a</PstCd>
										<TwnNm>a</TwnNm>
										<CtrySubDvsn>a</CtrySubDvsn>
										<Ctry>AA</Ctry>
										<AdrLine>a</AdrLine>
										<AdrLine>a</AdrLine>
									</PstlAdr>
									<Othr>
										<Id>a</Id>
										<SchmeNm>
											<Cd>a</Cd>
										</SchmeNm>
										<Issr>a</Issr>
									</Othr>
								</FinInstnId>
								<BrnchId>
									<Id>a</Id>
									<Nm>a</Nm>
									<PstlAdr>
										<AdrTp>BIZZ</AdrTp>
										<Dept>a</Dept>
										<SubDept>a</SubDept>
										<StrtNm>a</StrtNm>
										<BldgNb>a</BldgNb>
										<PstCd>a</PstCd>
										<TwnNm>a</TwnNm>
										<CtrySubDvsn>a</CtrySubDvsn>
										<Ctry>AA</Ctry>
										<AdrLine>a</AdrLine>
										<AdrLine>a</AdrLine>
									</PstlAdr>
								</BrnchId>
							</RcvgAgt>
							<DlvrgAgt>
								<FinInstnId>
									<BICFI>AAAAAA20</BICFI>
									<ClrSysMmbId>
										<ClrSysId>
											<Cd>a</Cd>
										</ClrSysId>
										<MmbId>a</MmbId>
									</ClrSysMmbId>
									<Nm>a</Nm>
									<PstlAdr>
										<AdrTp>PBOX</AdrTp>
										<Dept>a</Dept>
										<SubDept>a</SubDept>
										<StrtNm>a</StrtNm>
										<BldgNb>a</BldgNb>
										<PstCd>a</PstCd>
										<TwnNm>a</TwnNm>
										<CtrySubDvsn>a</CtrySubDvsn>
										<Ctry>AA</Ctry>
										<AdrLine>a</AdrLine>
										<AdrLine>a</AdrLine>
									</PstlAdr>
									<Othr>
										<Id>a</Id>
										<SchmeNm>
											<Cd>a</Cd>
										</SchmeNm>
										<Issr>a</Issr>
									</Othr>
								</FinInstnId>
								<BrnchId>
									<Id>a</Id>
									<Nm>a</Nm>
									<PstlAdr>
										<AdrTp>PBOX</AdrTp>
										<Dept>a</Dept>
										<SubDept>a</SubDept>
										<StrtNm>a</StrtNm>
										<BldgNb>a</BldgNb>
										<PstCd>a</PstCd>
										<TwnNm>a</TwnNm>
										<CtrySubDvsn>a</CtrySubDvsn>
										<Ctry>AA</Ctry>
										<AdrLine>a</AdrLine>
										<AdrLine>a</AdrLine>
									</PstlAdr>
								</BrnchId>
							</DlvrgAgt>
							<IssgAgt>
								<FinInstnId>
									<BICFI>AAAAAA20</BICFI>
									<ClrSysMmbId>
										<ClrSysId>
											<Cd>a</Cd>
										</ClrSysId>
										<MmbId>a</MmbId>
									</ClrSysMmbId>
									<Nm>a</Nm>
									<PstlAdr>
										<AdrTp>HOME</AdrTp>
										<Dept>a</Dept>
										<SubDept>a</SubDept>
										<StrtNm>a</StrtNm>
										<BldgNb>a</BldgNb>
										<PstCd>a</PstCd>
										<TwnNm>a</TwnNm>
										<CtrySubDvsn>a</CtrySubDvsn>
										<Ctry>AA</Ctry>
										<AdrLine>a</AdrLine>
										<AdrLine>a</AdrLine>
									</PstlAdr>
									<Othr>
										<Id>a</Id>
										<SchmeNm>
											<Cd>a</Cd>
										</SchmeNm>
										<Issr>a</Issr>
									</Othr>
								</FinInstnId>
								<BrnchId>
									<Id>a</Id>
									<Nm>a</Nm>
									<PstlAdr>
										<AdrTp>PBOX</AdrTp>
										<Dept>a</Dept>
										<SubDept>a</SubDept>
										<StrtNm>a</StrtNm>
										<BldgNb>a</BldgNb>
										<PstCd>a</PstCd>
										<TwnNm>a</TwnNm>
										<CtrySubDvsn>a</CtrySubDvsn>
										<Ctry>AA</Ctry>
										<AdrLine>a</AdrLine>
										<AdrLine>a</AdrLine>
									</PstlAdr>
								</BrnchId>
							</IssgAgt>
							<SttlmPlc>
								<FinInstnId>
									<BICFI>AAAAAA20</BICFI>
									<ClrSysMmbId>
										<ClrSysId>
											<Cd>a</Cd>
										</ClrSysId>
										<MmbId>a</MmbId>
									</ClrSysMmbId>
									<Nm>a</Nm>
									<PstlAdr>
										<AdrTp>ADDR</AdrTp>
										<Dept>a</Dept>
										<SubDept>a</SubDept>
										<StrtNm>a</StrtNm>
										<BldgNb>a</BldgNb>
										<PstCd>a</PstCd>
										<TwnNm>a</TwnNm>
										<CtrySubDvsn>a</CtrySubDvsn>
										<Ctry>AA</Ctry>
										<AdrLine>a</AdrLine>
										<AdrLine>a</AdrLine>
									</PstlAdr>
									<Othr>
										<Id>a</Id>
										<SchmeNm>
											<Cd>a</Cd>
										</SchmeNm>
										<Issr>a</Issr>
									</Othr>
								</FinInstnId>
								<BrnchId>
									<Id>a</Id>
									<Nm>a</Nm>
									<PstlAdr>
										<AdrTp>PBOX</AdrTp>
										<Dept>a</Dept>
										<SubDept>a</SubDept>
										<StrtNm>a</StrtNm>
										<BldgNb>a</BldgNb>
										<PstCd>a</PstCd>
										<TwnNm>a</TwnNm>
										<CtrySubDvsn>a</CtrySubDvsn>
										<Ctry>AA</Ctry>
										<AdrLine>a</AdrLine>
										<AdrLine>a</AdrLine>
									</PstlAdr>
								</BrnchId>
							</SttlmPlc>
							<Prtry>
								<Tp>a</Tp>
								<Agt>
									<FinInstnId>
										<BICFI>AAAAAA20</BICFI>
										<ClrSysMmbId>
											<ClrSysId>
												<Cd>a</Cd>
											</ClrSysId>
											<MmbId>a</MmbId>
										</ClrSysMmbId>
										<Nm>a</Nm>
										<PstlAdr>
											<AdrTp>PBOX</AdrTp>
											<Dept>a</Dept>
											<SubDept>a</SubDept>
											<StrtNm>a</StrtNm>
											<BldgNb>a</BldgNb>
											<PstCd>a</PstCd>
											<TwnNm>a</TwnNm>
											<CtrySubDvsn>a</CtrySubDvsn>
											<Ctry>AA</Ctry>
											<AdrLine>a</AdrLine>
											<AdrLine>a</AdrLine>
										</PstlAdr>
										<Othr>
											<Id>a</Id>
											<SchmeNm>
												<Cd>a</Cd>
											</SchmeNm>
											<Issr>a</Issr>
										</Othr>
									</FinInstnId>
									<BrnchId>
										<Id>a</Id>
										<Nm>a</Nm>
										<PstlAdr>
											<AdrTp>MLTO</AdrTp>
											<Dept>a</Dept>
											<SubDept>a</SubDept>
											<StrtNm>a</StrtNm>
											<BldgNb>a</BldgNb>
											<PstCd>a</PstCd>
											<TwnNm>a</TwnNm>
											<CtrySubDvsn>a</CtrySubDvsn>
											<Ctry>AA</Ctry>
											<AdrLine>a</AdrLine>
											<AdrLine>a</AdrLine>
										</PstlAdr>
									</BrnchId>
								</Agt>
							</Prtry>
						</RltdAgts>
						<Purp>
							<Cd>a</Cd>
						</Purp>
						<RltdRmtInf>
							<RmtId>a</RmtId>
							<RmtLctnDtls>
								<Mtd>POST</Mtd>
								<ElctrncAdr>a</ElctrncAdr>
								<PstlAdr>
									<Nm>a</Nm>
									<Adr>
										<AdrTp>HOME</AdrTp>
										<Dept>a</Dept>
										<SubDept>a</SubDept>
										<StrtNm>a</StrtNm>
										<BldgNb>a</BldgNb>
										<PstCd>a</PstCd>
										<TwnNm>a</TwnNm>
										<CtrySubDvsn>a</CtrySubDvsn>
										<Ctry>AA</Ctry>
										<AdrLine>a</AdrLine>
										<AdrLine>a</AdrLine>
									</Adr>
								</PstlAdr>
							</RmtLctnDtls>
							<RmtLctnDtls>
								<Mtd>FAXI</Mtd>
								<ElctrncAdr>a</ElctrncAdr>
								<PstlAdr>
									<Nm>a</Nm>
									<Adr>
										<AdrTp>HOME</AdrTp>
										<Dept>a</Dept>
										<SubDept>a</SubDept>
										<StrtNm>a</StrtNm>
										<BldgNb>a</BldgNb>
										<PstCd>a</PstCd>
										<TwnNm>a</TwnNm>
										<CtrySubDvsn>a</CtrySubDvsn>
										<Ctry>AA</Ctry>
										<AdrLine>a</AdrLine>
										<AdrLine>a</AdrLine>
									</Adr>
								</PstlAdr>
							</RmtLctnDtls>
						</RltdRmtInf>
						<RmtInf>
							<Ustrd>a</Ustrd>
							<Strd>
								<RfrdDocInf>
									<Tp>
										<CdOrPrtry>
											<Cd>DNFA</Cd>
											<Prtry>NC</Prtry>
										</CdOrPrtry>
										<Issr>a</Issr>
									</Tp>
									<Nb>a</Nb>
									<RltdDt>1967-08-13</RltdDt>
									<LineDtls>
										<Id>
											<Tp>
												<CdOrPrtry>
													<Cd>a</Cd>
													<Prtry>NC</Prtry>
												</CdOrPrtry>
												<Issr>a</Issr>
											</Tp>
											<Nb>a</Nb>
											<RltdDt>1967-08-13</RltdDt>
										</Id>
										<Desc>a</Desc>
										<Amt>
											<DuePyblAmt Ccy="AAA">0</DuePyblAmt>
											<DscntApldAmt>
												<Tp>
													<Cd>a</Cd>
												</Tp>
												<Amt Ccy="AAA">0</Amt>
											</DscntApldAmt>
											<CdtNoteAmt Ccy="AAA">0</CdtNoteAmt>
											<TaxAmt>
												<Tp>
													<Cd>a</Cd>
												</Tp>
												<Amt Ccy="AAA">0</Amt>
											</TaxAmt>
											<AdjstmntAmtAndRsn>
												<Amt Ccy="AAA">0</Amt>
												<CdtDbtInd>DBIT</CdtDbtInd>
												<Rsn>a</Rsn>
												<AddtlInf>a</AddtlInf>
											</AdjstmntAmtAndRsn>
											<RmtdAmt Ccy="AAA">0</RmtdAmt>
										</Amt>
									</LineDtls>
								</RfrdDocInf>
								<RfrdDocAmt>
									<DuePyblAmt Ccy="AAA">0</DuePyblAmt>
									<DscntApldAmt>
										<Tp>
											<Cd>a</Cd>
										</Tp>
										<Amt Ccy="AAA">0</Amt>
									</DscntApldAmt>
									<CdtNoteAmt Ccy="AAA">0</CdtNoteAmt>
									<TaxAmt>
										<Tp>
											<Cd>a</Cd>
										</Tp>
										<Amt Ccy="AAA">0</Amt>
									</TaxAmt>
									<AdjstmntAmtAndRsn>
										<Amt Ccy="AAA">0</Amt>
										<CdtDbtInd>DBIT</CdtDbtInd>
										<Rsn>a</Rsn>
										<AddtlInf>a</AddtlInf>
									</AdjstmntAmtAndRsn>
									<RmtdAmt Ccy="AAA">0</RmtdAmt>
								</RfrdDocAmt>
								<CdtrRefInf>
									<Tp>
										<CdOrPrtry>
											<Cd>DISP</Cd>
											<Prtry>NC</Prtry>
										</CdOrPrtry>
										<Issr>a</Issr>
									</Tp>
									<Ref>a</Ref>
								</CdtrRefInf>
								<Invcr>
									<Nm>a</Nm>
									<PstlAdr>
										<AdrTp>HOME</AdrTp>
										<Dept>a</Dept>
										<SubDept>a</SubDept>
										<StrtNm>a</StrtNm>
										<BldgNb>a</BldgNb>
										<PstCd>a</PstCd>
										<TwnNm>a</TwnNm>
										<CtrySubDvsn>a</CtrySubDvsn>
										<Ctry>AA</Ctry>
										<AdrLine>a</AdrLine>
										<AdrLine>a</AdrLine>
									</PstlAdr>
									<Id>
										<OrgId>
											<AnyBIC>AAAAAA20</AnyBIC>
											<Othr>
												<Id>a</Id>
												<SchmeNm>
													<Cd>a</Cd>
												</SchmeNm>
												<Issr>a</Issr>
											</Othr>
										</OrgId>
									</Id>
									<CtryOfRes>AA</CtryOfRes>
									<CtctDtls>
										<NmPrfx>MISS</NmPrfx>
										<Nm>a</Nm>
										<PhneNb>+0-(</PhneNb>
										<MobNb>+0-(</MobNb>
										<FaxNb>+0-(</FaxNb>
										<EmailAdr>a</EmailAdr>
										<Othr>a</Othr>
									</CtctDtls>
								</Invcr>
								<Invcee>
									<Nm>a</Nm>
									<PstlAdr>
										<AdrTp>MLTO</AdrTp>
										<Dept>a</Dept>
										<SubDept>a</SubDept>
										<StrtNm>a</StrtNm>
										<BldgNb>a</BldgNb>
										<PstCd>a</PstCd>
										<TwnNm>a</TwnNm>
										<CtrySubDvsn>a</CtrySubDvsn>
										<Ctry>AA</Ctry>
										<AdrLine>a</AdrLine>
										<AdrLine>a</AdrLine>
									</PstlAdr>
									<Id>
										<OrgId>
											<AnyBIC>AAAAAA20</AnyBIC>
											<Othr>
												<Id>a</Id>
												<SchmeNm>
													<Cd>a</Cd>
												</SchmeNm>
												<Issr>a</Issr>
											</Othr>
										</OrgId>
									</Id>
									<CtryOfRes>AA</CtryOfRes>
									<CtctDtls>
										<NmPrfx>MADM</NmPrfx>
										<Nm>a</Nm>
										<PhneNb>+0-(</PhneNb>
										<MobNb>+0-(</MobNb>
										<FaxNb>+0-(</FaxNb>
										<EmailAdr>a</EmailAdr>
										<Othr>a</Othr>
									</CtctDtls>
								</Invcee>
								<TaxRmt>
									<Cdtr>
										<TaxId>a</TaxId>
										<RegnId>a</RegnId>
										<TaxTp>a</TaxTp>
									</Cdtr>
									<Dbtr>
										<TaxId>a</TaxId>
										<RegnId>a</RegnId>
										<TaxTp>a</TaxTp>
										<Authstn>
											<Titl>a</Titl>
											<Nm>a</Nm>
										</Authstn>
									</Dbtr>
									<UltmtDbtr>
										<TaxId>a</TaxId>
										<RegnId>a</RegnId>
										<TaxTp>a</TaxTp>
										<Authstn>
											<Titl>a</Titl>
											<Nm>a</Nm>
										</Authstn>
									</UltmtDbtr>
									<AdmstnZone>a</AdmstnZone>
									<RefNb>a</RefNb>
									<Mtd>a</Mtd>
									<TtlTaxblBaseAmt Ccy="AAA">0</TtlTaxblBaseAmt>
									<TtlTaxAmt Ccy="AAA">0</TtlTaxAmt>
									<Dt>1967-08-13</Dt>
									<SeqNb>123456789123456789</SeqNb>
									<Rcrd>
										<Tp>a</Tp>
										<Ctgy>a</Ctgy>
										<CtgyDtls>a</CtgyDtls>
										<DbtrSts>a</DbtrSts>
										<CertId>a</CertId>
										<FrmsCd>a</FrmsCd>
										<Prd>
											<Yr>1967-08-13</Yr>
											<Tp>QTR4</Tp>
											<FrToDt>
												<FrDt>1967-08-13</FrDt>
												<ToDt>1967-08-13</ToDt>
											</FrToDt>
										</Prd>
										<TaxAmt>
											<Rate>1.1234567891</Rate>
											<TaxblBaseAmt Ccy="AAA">0</TaxblBaseAmt>
											<TtlAmt Ccy="AAA">0</TtlAmt>
											<Dtls>
												<Prd>
													<Yr>1967-08-13</Yr>
													<Tp>MM03</Tp>
													<FrToDt>
														<FrDt>1967-08-13</FrDt>
														<ToDt>1967-08-13</ToDt>
													</FrToDt>
												</Prd>
												<Amt Ccy="AAA">0</Amt>
											</Dtls>
										</TaxAmt>
										<AddtlInf>a</AddtlInf>
									</Rcrd>
								</TaxRmt>
								<GrnshmtRmt>
									<Tp>
										<CdOrPrtry>
											<Cd>a</Cd>
											<Prtry>NC</Prtry>
										</CdOrPrtry>
										<Issr>a</Issr>
									</Tp>
									<Grnshee>
										<Nm>a</Nm>
										<PstlAdr>
											<AdrTp>MLTO</AdrTp>
											<Dept>a</Dept>
											<SubDept>a</SubDept>
											<StrtNm>a</StrtNm>
											<BldgNb>a</BldgNb>
											<PstCd>a</PstCd>
											<TwnNm>a</TwnNm>
											<CtrySubDvsn>a</CtrySubDvsn>
											<Ctry>AA</Ctry>
											<AdrLine>a</AdrLine>
											<AdrLine>a</AdrLine>
										</PstlAdr>
										<Id>
											<OrgId>
												<AnyBIC>AAAAAA20</AnyBIC>
												<Othr>
													<Id>a</Id>
													<SchmeNm>
														<Cd>a</Cd>
													</SchmeNm>
													<Issr>a</Issr>
												</Othr>
											</OrgId>
										</Id>
										<CtryOfRes>AA</CtryOfRes>
										<CtctDtls>
											<NmPrfx>DOCT</NmPrfx>
											<Nm>a</Nm>
											<PhneNb>+0-(</PhneNb>
											<MobNb>+0-(</MobNb>
											<FaxNb>+0-(</FaxNb>
											<EmailAdr>a</EmailAdr>
											<Othr>a</Othr>
										</CtctDtls>
									</Grnshee>
									<GrnshmtAdmstr>
										<Nm>a</Nm>
										<PstlAdr>
											<AdrTp>PBOX</AdrTp>
											<Dept>a</Dept>
											<SubDept>a</SubDept>
											<StrtNm>a</StrtNm>
											<BldgNb>a</BldgNb>
											<PstCd>a</PstCd>
											<TwnNm>a</TwnNm>
											<CtrySubDvsn>a</CtrySubDvsn>
											<Ctry>AA</Ctry>
											<AdrLine>a</AdrLine>
											<AdrLine>a</AdrLine>
										</PstlAdr>
										<Id>
											<OrgId>
												<AnyBIC>AAAAAA20</AnyBIC>
												<Othr>
													<Id>a</Id>
													<SchmeNm>
														<Cd>a</Cd>
													</SchmeNm>
													<Issr>a</Issr>
												</Othr>
											</OrgId>
										</Id>
										<CtryOfRes>AA</CtryOfRes>
										<CtctDtls>
											<NmPrfx>DOCT</NmPrfx>
											<Nm>a</Nm>
											<PhneNb>+0-(</PhneNb>
											<MobNb>+0-(</MobNb>
											<FaxNb>+0-(</FaxNb>
											<EmailAdr>a</EmailAdr>
											<Othr>a</Othr>
										</CtctDtls>
									</GrnshmtAdmstr>
									<RefNb>a</RefNb>
									<Dt>1967-08-13</Dt>
									<RmtdAmt Ccy="AAA">0</RmtdAmt>
									<FmlyMdclInsrncInd>true</FmlyMdclInsrncInd>
									<MplyeeTermntnInd>true</MplyeeTermntnInd>
								</GrnshmtRmt>
								<AddtlRmtInf>a</AddtlRmtInf>
								<AddtlRmtInf>a</AddtlRmtInf>
							</Strd>
						</RmtInf>
						<RltdDts>
							<AccptncDtTm>2001-12-17T09:30:47Z</AccptncDtTm>
							<TradActvtyCtrctlSttlmDt>1967-08-13</TradActvtyCtrctlSttlmDt>
							<TradDt>1967-08-13</TradDt>
							<IntrBkSttlmDt>1967-08-13</IntrBkSttlmDt>
							<StartDt>1967-08-13</StartDt>
							<EndDt>1967-08-13</EndDt>
							<TxDtTm>2001-12-17T09:30:47Z</TxDtTm>
							<Prtry>
								<Tp>a</Tp>
								<Dt>
									<Dt>1967-08-13</Dt>
								</Dt>
							</Prtry>
						</RltdDts>
						<RltdPric>
							<DealPric>
								<Tp>
									<Yldd>true</Yldd>
								</Tp>
								<Val>
									<Rate>1.1234567891</Rate>
								</Val>
							</DealPric>
						</RltdPric>
						<RltdQties>
							<Qty>
								<Unit>1.12345678912345678</Unit>
							</Qty>
						</RltdQties>
						<FinInstrmId>
							<ISIN>AA0000000000</ISIN>
							<OthrId>
								<Id>a</Id>
								<Sfx>a</Sfx>
								<Tp>
									<Cd>a</Cd>
								</Tp>
							</OthrId>
							<Desc>a</Desc>
						</FinInstrmId>
						<Tax>
							<Cdtr>
								<TaxId>a</TaxId>
								<RegnId>a</RegnId>
								<TaxTp>a</TaxTp>
							</Cdtr>
							<Dbtr>
								<TaxId>a</TaxId>
								<RegnId>a</RegnId>
								<TaxTp>a</TaxTp>
								<Authstn>
									<Titl>a</Titl>
									<Nm>a</Nm>
								</Authstn>
							</Dbtr>
							<AdmstnZn>a</AdmstnZn>
							<RefNb>a</RefNb>
							<Mtd>a</Mtd>
							<TtlTaxblBaseAmt Ccy="AAA">0</TtlTaxblBaseAmt>
							<TtlTaxAmt Ccy="AAA">0</TtlTaxAmt>
							<Dt>1967-08-13</Dt>
							<SeqNb>123456789123456789</SeqNb>
							<Rcrd>
								<Tp>a</Tp>
								<Ctgy>a</Ctgy>
								<CtgyDtls>a</CtgyDtls>
								<DbtrSts>a</DbtrSts>
								<CertId>a</CertId>
								<FrmsCd>a</FrmsCd>
								<Prd>
									<Yr>1967-08-13</Yr>
									<Tp>MM03</Tp>
									<FrToDt>
										<FrDt>1967-08-13</FrDt>
										<ToDt>1967-08-13</ToDt>
									</FrToDt>
								</Prd>
								<TaxAmt>
									<Rate>1.1234567891</Rate>
									<TaxblBaseAmt Ccy="AAA">0</TaxblBaseAmt>
									<TtlAmt Ccy="AAA">0</TtlAmt>
									<Dtls>
										<Prd>
											<Yr>1967-08-13</Yr>
											<Tp>MM09</Tp>
											<FrToDt>
												<FrDt>1967-08-13</FrDt>
												<ToDt>1967-08-13</ToDt>
											</FrToDt>
										</Prd>
										<Amt Ccy="AAA">0</Amt>
									</Dtls>
								</TaxAmt>
								<AddtlInf>a</AddtlInf>
							</Rcrd>
						</Tax>
						<RtrInf>
							<OrgnlBkTxCd>
								<Domn>
									<Cd>a</Cd>
									<Fmly>
										<Cd>a</Cd>
										<SubFmlyCd>a</SubFmlyCd>
									</Fmly>
								</Domn>
								<Prtry>
									<Cd>a</Cd>
									<Issr>a</Issr>
								</Prtry>
							</OrgnlBkTxCd>
							<Orgtr>
								<Nm>a</Nm>
								<PstlAdr>
									<AdrTp>HOME</AdrTp>
									<Dept>a</Dept>
									<SubDept>a</SubDept>
									<StrtNm>a</StrtNm>
									<BldgNb>a</BldgNb>
									<PstCd>a</PstCd>
									<TwnNm>a</TwnNm>
									<CtrySubDvsn>a</CtrySubDvsn>
									<Ctry>AA</Ctry>
									<AdrLine>a</AdrLine>
									<AdrLine>a</AdrLine>
								</PstlAdr>
								<Id>
									<OrgId>
										<AnyBIC>AAAAAA20</AnyBIC>
										<Othr>
											<Id>a</Id>
											<SchmeNm>
												<Cd>a</Cd>
											</SchmeNm>
											<Issr>a</Issr>
										</Othr>
									</OrgId>
								</Id>
								<CtryOfRes>AA</CtryOfRes>
								<CtctDtls>
									<NmPrfx>MISS</NmPrfx>
									<Nm>a</Nm>
									<PhneNb>+0-(</PhneNb>
									<MobNb>+0-(</MobNb>
									<FaxNb>+0-(</FaxNb>
									<EmailAdr>a</EmailAdr>
									<Othr>a</Othr>
								</CtctDtls>
							</Orgtr>
							<Rsn>
								<Cd>a</Cd>
							</Rsn>
							<AddtlInf>a</AddtlInf>
							<AddtlInf>a</AddtlInf>
						</RtrInf>
						<CorpActn>
							<EvtTp>a</EvtTp>
							<EvtId>a</EvtId>
						</CorpActn>
						<SfkpgAcct>
							<Id>a</Id>
							<Tp>
								<Id>0000</Id>
								<Issr>a</Issr>
								<SchmeNm>a</SchmeNm>
							</Tp>
							<Nm>a</Nm>
						</SfkpgAcct>
						<CshDpst>
							<NoteDnmtn Ccy="AAA">0</NoteDnmtn>
							<NbOfNotes>0</NbOfNotes>
							<Amt Ccy="AAA">0</Amt>
						</CshDpst>
						<CardTx>
							<Card>
								<PlainCardData>
									<PAN>00000000</PAN>
									<CardSeqNb>00</CardSeqNb>
									<FctvDt>2001-12</FctvDt>
									<XpryDt>2001-12</XpryDt>
									<SvcCd>000</SvcCd>
									<TrckData>
										<TrckNb>0</TrckNb>
										<TrckVal>a</TrckVal>
									</TrckData>
									<CardSctyCd>
										<CSCMgmt>BYPS</CSCMgmt>
										<CSCVal>000</CSCVal>
									</CardSctyCd>
								</PlainCardData>
								<CardCtryCd>000</CardCtryCd>
								<CardBrnd>
									<Id>a</Id>
									<SchmeNm>a</SchmeNm>
									<Issr>a</Issr>
								</CardBrnd>
								<AddtlCardData>a</AddtlCardData>
							</Card>
							<POI>
								<Id>
									<Id>a</Id>
									<Tp>ACCP</Tp>
									<Issr>ACCP</Issr>
									<ShrtNm>a</ShrtNm>
								</Id>
								<SysNm>a</SysNm>
								<GrpId>a</GrpId>
								<Cpblties>
									<CardRdngCpblties>CTLS</CardRdngCpblties>
									<CardRdngCpblties>DFLE</CardRdngCpblties>
									<CrdhldrVrfctnCpblties>MNSG</CrdhldrVrfctnCpblties>
									<CrdhldrVrfctnCpblties>PKIS</CrdhldrVrfctnCpblties>
									<OnLineCpblties>SMON</OnLineCpblties>
									<DispCpblties>
										<DispTp>CDSP</DispTp>
										<NbOfLines>0</NbOfLines>
										<LineWidth>0</LineWidth>
									</DispCpblties>
									<PrtLineWidth>0</PrtLineWidth>
								</Cpblties>
								<Cmpnt>
									<POICmpntTp>EMVO</POICmpntTp>
									<ManfctrId>a</ManfctrId>
									<Mdl>a</Mdl>
									<VrsnNb>a</VrsnNb>
									<SrlNb>a</SrlNb>
									<ApprvlNb>a</ApprvlNb>
									<ApprvlNb>a</ApprvlNb>
								</Cmpnt>
							</POI>
							<Tx>
								<Aggtd>
									<AddtlSvc>PUCO</AddtlSvc>
									<TxCtgy>a</TxCtgy>
									<SaleRcncltnId>a</SaleRcncltnId>
									<SeqNbRg>
										<FrstTx>a</FrstTx>
										<LastTx>a</LastTx>
									</SeqNbRg>
									<TxDtRg>
										<Dt>
											<FrDt>1967-08-13</FrDt>
											<ToDt>1967-08-13</ToDt>
										</Dt>
									</TxDtRg>
								</Aggtd>
							</Tx>
							<PrePdAcct>
								<Id>
									<IBAN>AA000</IBAN>
								</Id>
								<Tp>
									<Cd>a</Cd>
								</Tp>
								<Ccy>AAA</Ccy>
								<Nm>a</Nm>
							</PrePdAcct>
						</CardTx>
						<AddtlTxInf>a</AddtlTxInf>
						<SplmtryData>
							<PlcAndNm>a</PlcAndNm>
							<Envlp>
								<auto-generated_for_wildcard xmlns=""/>
							</Envlp>
						</SplmtryData>
					</TxDtls>
				</NtryDtls>
				<AddtlNtryInf>a</AddtlNtryInf>
				<TxRef>2107141105050810</TxRef>
				<InitReqdDt>
					<Dt>a</Dt>
				</InitReqdDt>
				<TrzNo>1234</TrzNo>
				<NumarFV>20210409</NumarFV>
				<IDPunctLucru>test12</IDPunctLucru>
				<DataFV>a</DataFV>
			</Ntry>
			<AddtlNtfctnInf>a</AddtlNtfctnInf>
		</Ntfctn>
		<SplmtryData>
			<PlcAndNm>a</PlcAndNm>
			<Envlp>
				<auto-generated_for_wildcard xmlns=""/>
			</Envlp>
		</SplmtryData>
	</BkToCstmrDbtCdtNtfctn>
</Document>
