<?xml version="1.0" encoding="UTF-8"?>
<Document xmlns="urn:iso:std:iso:20022:tech:xsd:pain.001.001.03" xmlns:xsi="http://www.w3.org/2001/XMLSchema-instance">
	<CstmrCdtTrfInitn>
		<GrpHdr>
			<MsgId>a</MsgId>
			<CreDtTm>2001-12-17T09:30:47Z</CreDtTm>
			<Authstn>
				<Cd>ILEV</Cd>
			</Authstn>
			<Authstn>
				<Cd>AUTH</Cd>
			</Authstn>
			<NbOfTxs>0</NbOfTxs>
			<CtrlSum>1.12345678912345678</CtrlSum>
			<InitgPty>
				<Nm>a</Nm>
				<PstlAdr>
					<AdrTp>DLVY</AdrTp>
					<Dept>a</Dept>
					<SubDept>a</SubDept>
					<StrtNm>a</StrtNm>
					<BldgNb>a</BldgNb>
					<PstCd>a</PstCd>
					<TwnNm>a</TwnNm>
					<CtrySubDvsn>a</CtrySubDvsn>
					<Ctry>AA</Ctry>
					<AdrLine>a</AdrLine>
					<AdrLine>a</AdrLine>
				</PstlAdr>
				<Id>
					<OrgId>
						<BICOrBEI>AAAAAA20</BICOrBEI>
						<Othr>
							<Id>a</Id>
							<SchmeNm>
								<Cd>a</Cd>
							</SchmeNm>
							<Issr>a</Issr>
						</Othr>
						<Othr>
							<Id>a</Id>
							<SchmeNm>
								<Cd>a</Cd>
							</SchmeNm>
							<Issr>a</Issr>
						</Othr>
					</OrgId>
				</Id>
				<CtryOfRes>AA</CtryOfRes>
				<CtctDtls>
					<NmPrfx>MIST</NmPrfx>
					<Nm>a</Nm>
					<PhneNb>+0-(</PhneNb>
					<MobNb>+0-(</MobNb>
					<FaxNb>+0-(</FaxNb>
					<EmailAdr>a</EmailAdr>
					<Othr>a</Othr>
				</CtctDtls>
			</InitgPty>
			<FwdgAgt>
				<FinInstnId>
					<BIC>AAAAAA20</BIC>
					<ClrSysMmbId>
						<ClrSysId>
							<Cd>a</Cd>
						</ClrSysId>
						<MmbId>a</MmbId>
					</ClrSysMmbId>
					<Nm>a</Nm>
					<PstlAdr>
						<AdrTp>ADDR</AdrTp>
						<Dept>a</Dept>
						<SubDept>a</SubDept>
						<StrtNm>a</StrtNm>
						<BldgNb>a</BldgNb>
						<PstCd>a</PstCd>
						<TwnNm>a</TwnNm>
						<CtrySubDvsn>a</CtrySubDvsn>
						<Ctry>AA</Ctry>
						<AdrLine>a</AdrLine>
						<AdrLine>a</AdrLine>
					</PstlAdr>
					<Othr>
						<Id>a</Id>
						<SchmeNm>
							<Cd>a</Cd>
						</SchmeNm>
						<Issr>a</Issr>
					</Othr>
				</FinInstnId>
				<BrnchId>
					<Id>a</Id>
					<Nm>a</Nm>
					<PstlAdr>
						<AdrTp>HOME</AdrTp>
						<Dept>a</Dept>
						<SubDept>a</SubDept>
						<StrtNm>a</StrtNm>
						<BldgNb>a</BldgNb>
						<PstCd>a</PstCd>
						<TwnNm>a</TwnNm>
						<CtrySubDvsn>a</CtrySubDvsn>
						<Ctry>AA</Ctry>
						<AdrLine>a</AdrLine>
						<AdrLine>a</AdrLine>
					</PstlAdr>
				</BrnchId>
			</FwdgAgt>
		</GrpHdr>
		<PmtInf>
			<PmtInfId>a</PmtInfId>
			<PmtMtd>TRF</PmtMtd>
			<BtchBookg>true</BtchBookg>
			<NbOfTxs>0</NbOfTxs>
			<CtrlSum>1.12345678912345678</CtrlSum>
			<PmtTpInf>
				<InstrPrty>HIGH</InstrPrty>
				<SvcLvl>
					<Cd>a</Cd>
				</SvcLvl>
				<LclInstrm>
					<Cd>a</Cd>
				</LclInstrm>
				<CtgyPurp>
					<Cd>a</Cd>
				</CtgyPurp>
			</PmtTpInf>
			<ReqdExctnDt>
				<Dt>1967-08-13</Dt>
			</ReqdExctnDt>
			<PoolgAdjstmntDt>1967-08-13</PoolgAdjstmntDt>
			<Dbtr>
				<Nm>a</Nm>
				<PstlAdr>
					<AdrTp>PBOX</AdrTp>
					<Dept>a</Dept>
					<SubDept>a</SubDept>
					<StrtNm>a</StrtNm>
					<BldgNb>a</BldgNb>
					<PstCd>a</PstCd>
					<TwnNm>a</TwnNm>
					<CtrySubDvsn>a</CtrySubDvsn>
					<Ctry>AA</Ctry>
					<AdrLine>a</AdrLine>
					<AdrLine>a</AdrLine>
				</PstlAdr>
				<Id>
					<OrgId>
						<BICOrBEI>AAAAAA20</BICOrBEI>
						<Othr>
							<Id>a</Id>
							<SchmeNm>
								<Cd>a</Cd>
							</SchmeNm>
							<Issr>a</Issr>
						</Othr>
						<Othr>
							<Id>a</Id>
							<SchmeNm>
								<Cd>a</Cd>
							</SchmeNm>
							<Issr>a</Issr>
						</Othr>
					</OrgId>
				</Id>
				<CtryOfRes>AA</CtryOfRes>
				<CtctDtls>
					<NmPrfx>MISS</NmPrfx>
					<Nm>a</Nm>
					<PhneNb>+0-(</PhneNb>
					<MobNb>+0-(</MobNb>
					<FaxNb>+0-(</FaxNb>
					<EmailAdr>a</EmailAdr>
					<Othr>a</Othr>
				</CtctDtls>
			</Dbtr>
			<DbtrAcct>
				<Id>
					<IBAN>AA000</IBAN>
				</Id>
				<Tp>
					<Cd>MGLD</Cd>
				</Tp>
				<Ccy>AAA</Ccy>
				<Nm>a</Nm>
			</DbtrAcct>
			<DbtrAgt>
				<FinInstnId>
					<BICFI>AAAAAA20</BICFI>
					<ClrSysMmbId>
						<ClrSysId>
							<Cd>a</Cd>
						</ClrSysId>
						<MmbId>a</MmbId>
					</ClrSysMmbId>
					<Nm>a</Nm>
					<PstlAdr>
						<AdrTp>PBOX</AdrTp>
						<Dept>a</Dept>
						<SubDept>a</SubDept>
						<StrtNm>a</StrtNm>
						<BldgNb>a</BldgNb>
						<PstCd>a</PstCd>
						<TwnNm>a</TwnNm>
						<CtrySubDvsn>a</CtrySubDvsn>
						<Ctry>AA</Ctry>
						<AdrLine>a</AdrLine>
						<AdrLine>a</AdrLine>
					</PstlAdr>
					<Othr>
						<Id>a</Id>
						<SchmeNm>
							<Cd>a</Cd>
						</SchmeNm>
						<Issr>a</Issr>
					</Othr>
				</FinInstnId>
				<BrnchId>
					<Id>a</Id>
					<Nm>a</Nm>
					<PstlAdr>
						<AdrTp>DLVY</AdrTp>
						<Dept>a</Dept>
						<SubDept>a</SubDept>
						<StrtNm>a</StrtNm>
						<BldgNb>a</BldgNb>
						<PstCd>a</PstCd>
						<TwnNm>a</TwnNm>
						<CtrySubDvsn>a</CtrySubDvsn>
						<Ctry>AA</Ctry>
						<AdrLine>a</AdrLine>
						<AdrLine>a</AdrLine>
					</PstlAdr>
				</BrnchId>
			</DbtrAgt>
			<DbtrAgtAcct>
				<Id>
					<IBAN>AA000</IBAN>
				</Id>
				<Tp>
					<Cd>CACC</Cd>
				</Tp>
				<Ccy>AAA</Ccy>
				<Nm>a</Nm>
			</DbtrAgtAcct>
			<UltmtDbtr>
				<Nm>a</Nm>
				<PstlAdr>
					<AdrTp>HOME</AdrTp>
					<Dept>a</Dept>
					<SubDept>a</SubDept>
					<StrtNm>a</StrtNm>
					<BldgNb>a</BldgNb>
					<PstCd>a</PstCd>
					<TwnNm>a</TwnNm>
					<CtrySubDvsn>a</CtrySubDvsn>
					<Ctry>AA</Ctry>
					<AdrLine>a</AdrLine>
					<AdrLine>a</AdrLine>
				</PstlAdr>
				<Id>
					<OrgId>
						<BICOrBEI>AAAAAA20</BICOrBEI>
						<Othr>
							<Id>a</Id>
							<SchmeNm>
								<Cd>a</Cd>
							</SchmeNm>
							<Issr>a</Issr>
						</Othr>
						<Othr>
							<Id>a</Id>
							<SchmeNm>
								<Cd>a</Cd>
							</SchmeNm>
							<Issr>a</Issr>
						</Othr>
					</OrgId>
				</Id>
				<CtryOfRes>AA</CtryOfRes>
				<CtctDtls>
					<NmPrfx>MISS</NmPrfx>
					<Nm>a</Nm>
					<PhneNb>+0-(</PhneNb>
					<MobNb>+0-(</MobNb>
					<FaxNb>+0-(</FaxNb>
					<EmailAdr>a</EmailAdr>
					<Othr>a</Othr>
				</CtctDtls>
			</UltmtDbtr>
			<ChrgBr>CRED</ChrgBr>
			<ChrgsAcct>
				<Id>
					<IBAN>AA000</IBAN>
				</Id>
				<Tp>
					<Cd>COMM</Cd>
				</Tp>
				<Ccy>AAA</Ccy>
				<Nm>a</Nm>
			</ChrgsAcct>
			<ChrgsAcctAgt>
				<FinInstnId>
					<BIC>AAAAAA20</BIC>
					<ClrSysMmbId>
						<ClrSysId>
							<Cd>a</Cd>
						</ClrSysId>
						<MmbId>a</MmbId>
					</ClrSysMmbId>
					<Nm>a</Nm>
					<PstlAdr>
						<AdrTp>PBOX</AdrTp>
						<Dept>a</Dept>
						<SubDept>a</SubDept>
						<StrtNm>a</StrtNm>
						<BldgNb>a</BldgNb>
						<PstCd>a</PstCd>
						<TwnNm>a</TwnNm>
						<CtrySubDvsn>a</CtrySubDvsn>
						<Ctry>AA</Ctry>
						<AdrLine>a</AdrLine>
						<AdrLine>a</AdrLine>
					</PstlAdr>
					<Othr>
						<Id>a</Id>
						<SchmeNm>
							<Cd>a</Cd>
						</SchmeNm>
						<Issr>a</Issr>
					</Othr>
				</FinInstnId>
				<BrnchId>
					<Id>a</Id>
					<Nm>a</Nm>
					<PstlAdr>
						<AdrTp>ADDR</AdrTp>
						<Dept>a</Dept>
						<SubDept>a</SubDept>
						<StrtNm>a</StrtNm>
						<BldgNb>a</BldgNb>
						<PstCd>a</PstCd>
						<TwnNm>a</TwnNm>
						<CtrySubDvsn>a</CtrySubDvsn>
						<Ctry>AA</Ctry>
						<AdrLine>a</AdrLine>
						<AdrLine>a</AdrLine>
					</PstlAdr>
				</BrnchId>
			</ChrgsAcctAgt>
			<CdtTrfTxInf>
				<PmtId>
					<InstrId>a</InstrId>
					<EndToEndId>a</EndToEndId>
				</PmtId>
				<PmtTpInf>
					<InstrPrty>HIGH</InstrPrty>
					<SvcLvl>
						<Cd>a</Cd>
					</SvcLvl>
					<LclInstrm>
						<Cd>a</Cd>
					</LclInstrm>
					<CtgyPurp>
						<Cd>a</Cd>
					</CtgyPurp>
				</PmtTpInf>
				<Amt>
					<InstdAmt Ccy="AAA">0</InstdAmt>
				</Amt>
				<XchgRateInf>
					<XchgRate>1.1234567891</XchgRate>
					<RateTp>SALE</RateTp>
					<CtrctId>a</CtrctId>
				</XchgRateInf>
				<ChrgBr>CRED</ChrgBr>
				<ChqInstr>
					<ChqTp>DRFT</ChqTp>
					<ChqNb>a</ChqNb>
					<ChqFr>
						<Nm>a</Nm>
						<Adr>
							<AdrTp>MLTO</AdrTp>
							<Dept>a</Dept>
							<SubDept>a</SubDept>
							<StrtNm>a</StrtNm>
							<BldgNb>a</BldgNb>
							<PstCd>a</PstCd>
							<TwnNm>a</TwnNm>
							<CtrySubDvsn>a</CtrySubDvsn>
							<Ctry>AA</Ctry>
							<AdrLine>a</AdrLine>
							<AdrLine>a</AdrLine>
						</Adr>
					</ChqFr>
					<DlvryMtd>
						<Cd>RGFA</Cd>
					</DlvryMtd>
					<DlvrTo>
						<Nm>a</Nm>
						<Adr>
							<AdrTp>MLTO</AdrTp>
							<Dept>a</Dept>
							<SubDept>a</SubDept>
							<StrtNm>a</StrtNm>
							<BldgNb>a</BldgNb>
							<PstCd>a</PstCd>
							<TwnNm>a</TwnNm>
							<CtrySubDvsn>a</CtrySubDvsn>
							<Ctry>AA</Ctry>
							<AdrLine>a</AdrLine>
							<AdrLine>a</AdrLine>
						</Adr>
					</DlvrTo>
					<InstrPrty>NORM</InstrPrty>
					<ChqMtrtyDt>1967-08-13</ChqMtrtyDt>
					<FrmsCd>a</FrmsCd>
					<MemoFld>a</MemoFld>
					<MemoFld>a</MemoFld>
					<RgnlClrZone>a</RgnlClrZone>
					<PrtLctn>a</PrtLctn>
				</ChqInstr>
				<UltmtDbtr>
					<Nm>a</Nm>
					<PstlAdr>
						<AdrTp>MLTO</AdrTp>
						<Dept>a</Dept>
						<SubDept>a</SubDept>
						<StrtNm>a</StrtNm>
						<BldgNb>a</BldgNb>
						<PstCd>a</PstCd>
						<TwnNm>a</TwnNm>
						<CtrySubDvsn>a</CtrySubDvsn>
						<Ctry>AA</Ctry>
						<AdrLine>a</AdrLine>
						<AdrLine>a</AdrLine>
					</PstlAdr>
					<Id>
						<OrgId>
							<BICOrBEI>AAAAAA20</BICOrBEI>
							<Othr>
								<Id>a</Id>
								<SchmeNm>
									<Cd>a</Cd>
								</SchmeNm>
								<Issr>a</Issr>
							</Othr>
							<Othr>
								<Id>a</Id>
								<SchmeNm>
									<Cd>a</Cd>
								</SchmeNm>
								<Issr>a</Issr>
							</Othr>
						</OrgId>
					</Id>
					<CtryOfRes>AA</CtryOfRes>
					<CtctDtls>
						<NmPrfx>MADM</NmPrfx>
						<Nm>a</Nm>
						<PhneNb>+0-(</PhneNb>
						<MobNb>+0-(</MobNb>
						<FaxNb>+0-(</FaxNb>
						<EmailAdr>a</EmailAdr>
						<Othr>a</Othr>
					</CtctDtls>
				</UltmtDbtr>
				<IntrmyAgt1>
					<FinInstnId>
						<BIC>AAAAAA20</BIC>
						<ClrSysMmbId>
							<ClrSysId>
								<Cd>a</Cd>
							</ClrSysId>
							<MmbId>a</MmbId>
						</ClrSysMmbId>
						<Nm>a</Nm>
						<PstlAdr>
							<AdrTp>DLVY</AdrTp>
							<Dept>a</Dept>
							<SubDept>a</SubDept>
							<StrtNm>a</StrtNm>
							<BldgNb>a</BldgNb>
							<PstCd>a</PstCd>
							<TwnNm>a</TwnNm>
							<CtrySubDvsn>a</CtrySubDvsn>
							<Ctry>AA</Ctry>
							<AdrLine>a</AdrLine>
							<AdrLine>a</AdrLine>
						</PstlAdr>
						<Othr>
							<Id>a</Id>
							<SchmeNm>
								<Cd>a</Cd>
							</SchmeNm>
							<Issr>a</Issr>
						</Othr>
					</FinInstnId>
					<BrnchId>
						<Id>a</Id>
						<Nm>a</Nm>
						<PstlAdr>
							<AdrTp>PBOX</AdrTp>
							<Dept>a</Dept>
							<SubDept>a</SubDept>
							<StrtNm>a</StrtNm>
							<BldgNb>a</BldgNb>
							<PstCd>a</PstCd>
							<TwnNm>a</TwnNm>
							<CtrySubDvsn>a</CtrySubDvsn>
							<Ctry>AA</Ctry>
							<AdrLine>a</AdrLine>
							<AdrLine>a</AdrLine>
						</PstlAdr>
					</BrnchId>
				</IntrmyAgt1>
				<IntrmyAgt1Acct>
					<Id>
						<IBAN>AA000</IBAN>
					</Id>
					<Tp>
						<Cd>COMM</Cd>
					</Tp>
					<Ccy>AAA</Ccy>
					<Nm>a</Nm>
				</IntrmyAgt1Acct>
				<IntrmyAgt2>
					<FinInstnId>
						<BIC>AAAAAA20</BIC>
						<ClrSysMmbId>
							<ClrSysId>
								<Cd>a</Cd>
							</ClrSysId>
							<MmbId>a</MmbId>
						</ClrSysMmbId>
						<Nm>a</Nm>
						<PstlAdr>
							<AdrTp>ADDR</AdrTp>
							<Dept>a</Dept>
							<SubDept>a</SubDept>
							<StrtNm>a</StrtNm>
							<BldgNb>a</BldgNb>
							<PstCd>a</PstCd>
							<TwnNm>a</TwnNm>
							<CtrySubDvsn>a</CtrySubDvsn>
							<Ctry>AA</Ctry>
							<AdrLine>a</AdrLine>
							<AdrLine>a</AdrLine>
						</PstlAdr>
						<Othr>
							<Id>a</Id>
							<SchmeNm>
								<Cd>a</Cd>
							</SchmeNm>
							<Issr>a</Issr>
						</Othr>
					</FinInstnId>
					<BrnchId>
						<Id>a</Id>
						<Nm>a</Nm>
						<PstlAdr>
							<AdrTp>BIZZ</AdrTp>
							<Dept>a</Dept>
							<SubDept>a</SubDept>
							<StrtNm>a</StrtNm>
							<BldgNb>a</BldgNb>
							<PstCd>a</PstCd>
							<TwnNm>a</TwnNm>
							<CtrySubDvsn>a</CtrySubDvsn>
							<Ctry>AA</Ctry>
							<AdrLine>a</AdrLine>
							<AdrLine>a</AdrLine>
						</PstlAdr>
					</BrnchId>
				</IntrmyAgt2>
				<IntrmyAgt2Acct>
					<Id>
						<IBAN>AA000</IBAN>
					</Id>
					<Tp>
						<Cd>COMM</Cd>
					</Tp>
					<Ccy>AAA</Ccy>
					<Nm>a</Nm>
				</IntrmyAgt2Acct>
				<IntrmyAgt3>
					<FinInstnId>
						<BIC>AAAAAA20</BIC>
						<ClrSysMmbId>
							<ClrSysId>
								<Cd>a</Cd>
							</ClrSysId>
							<MmbId>a</MmbId>
						</ClrSysMmbId>
						<Nm>a</Nm>
						<PstlAdr>
							<AdrTp>MLTO</AdrTp>
							<Dept>a</Dept>
							<SubDept>a</SubDept>
							<StrtNm>a</StrtNm>
							<BldgNb>a</BldgNb>
							<PstCd>a</PstCd>
							<TwnNm>a</TwnNm>
							<CtrySubDvsn>a</CtrySubDvsn>
							<Ctry>AA</Ctry>
							<AdrLine>a</AdrLine>
							<AdrLine>a</AdrLine>
						</PstlAdr>
						<Othr>
							<Id>a</Id>
							<SchmeNm>
								<Cd>a</Cd>
							</SchmeNm>
							<Issr>a</Issr>
						</Othr>
					</FinInstnId>
					<BrnchId>
						<Id>a</Id>
						<Nm>a</Nm>
						<PstlAdr>
							<AdrTp>BIZZ</AdrTp>
							<Dept>a</Dept>
							<SubDept>a</SubDept>
							<StrtNm>a</StrtNm>
							<BldgNb>a</BldgNb>
							<PstCd>a</PstCd>
							<TwnNm>a</TwnNm>
							<CtrySubDvsn>a</CtrySubDvsn>
							<Ctry>AA</Ctry>
							<AdrLine>a</AdrLine>
							<AdrLine>a</AdrLine>
						</PstlAdr>
					</BrnchId>
				</IntrmyAgt3>
				<IntrmyAgt3Acct>
					<Id>
						<IBAN>AA000</IBAN>
					</Id>
					<Tp>
						<Cd>CASH</Cd>
					</Tp>
					<Ccy>AAA</Ccy>
					<Nm>a</Nm>
				</IntrmyAgt3Acct>
				<CdtrAgt>
					<FinInstnId>
						<BICFI>AAAAAA20</BICFI>
						<ClrSysMmbId>
							<ClrSysId>
								<Cd>a</Cd>
							</ClrSysId>
							<MmbId>a</MmbId>
						</ClrSysMmbId>
						<Nm>a</Nm>
						<PstlAdr>
							<AdrTp>HOME</AdrTp>
							<Dept>a</Dept>
							<SubDept>a</SubDept>
							<StrtNm>a</StrtNm>
							<BldgNb>a</BldgNb>
							<PstCd>a</PstCd>
							<TwnNm>a</TwnNm>
							<CtrySubDvsn>a</CtrySubDvsn>
							<Ctry>AA</Ctry>
							<AdrLine>a</AdrLine>
							<AdrLine>a</AdrLine>
						</PstlAdr>
						<Othr>
							<Id>a</Id>
							<SchmeNm>
								<Cd>a</Cd>
							</SchmeNm>
							<Issr>a</Issr>
						</Othr>
					</FinInstnId>
					<BrnchId>
						<Id>a</Id>
						<Nm>a</Nm>
						<PstlAdr>
							<AdrTp>PBOX</AdrTp>
							<Dept>a</Dept>
							<SubDept>a</SubDept>
							<StrtNm>a</StrtNm>
							<BldgNb>a</BldgNb>
							<PstCd>a</PstCd>
							<TwnNm>a</TwnNm>
							<CtrySubDvsn>a</CtrySubDvsn>
							<Ctry>AA</Ctry>
							<AdrLine>a</AdrLine>
							<AdrLine>a</AdrLine>
						</PstlAdr>
					</BrnchId>
				</CdtrAgt>
				<CdtrAgtAcct>
					<Id>
						<IBAN>AA000</IBAN>
					</Id>
					<Tp>
						<Cd>CACC</Cd>
					</Tp>
					<Ccy>AAA</Ccy>
					<Nm>a</Nm>
				</CdtrAgtAcct>
				<Cdtr>
					<Nm>a</Nm>
					<PstlAdr>
						<AdrTp>HOME</AdrTp>
						<Dept>a</Dept>
						<SubDept>a</SubDept>
						<StrtNm>a</StrtNm>
						<BldgNb>a</BldgNb>
						<PstCd>a</PstCd>
						<TwnNm>a</TwnNm>
						<CtrySubDvsn>a</CtrySubDvsn>
						<Ctry>AA</Ctry>
						<AdrLine>a</AdrLine>
						<AdrLine>a</AdrLine>
					</PstlAdr>
					<Id>
						<OrgId>
							<BICOrBEI>AAAAAA20</BICOrBEI>
							<Othr>
								<Id>a</Id>
								<SchmeNm>
									<Cd>a</Cd>
								</SchmeNm>
								<Issr>a</Issr>
							</Othr>
							<Othr>
								<Id>a</Id>
								<SchmeNm>
									<Cd>a</Cd>
								</SchmeNm>
								<Issr>a</Issr>
							</Othr>
						</OrgId>
					</Id>
					<CtryOfRes>AA</CtryOfRes>
					<CtctDtls>
						<NmPrfx>MIST</NmPrfx>
						<Nm>a</Nm>
						<PhneNb>+0-(</PhneNb>
						<MobNb>+0-(</MobNb>
						<FaxNb>+0-(</FaxNb>
						<EmailAdr>a</EmailAdr>
						<Othr>a</Othr>
					</CtctDtls>
				</Cdtr>
				<CdtrAcct>
					<Id>
						<IBAN>AA000</IBAN>
					</Id>
					<Tp>
						<Cd>COMM</Cd>
					</Tp>
					<Ccy>AAA</Ccy>
					<Nm>a</Nm>
				</CdtrAcct>
				<UltmtCdtr>
					<Nm>a</Nm>
					<PstlAdr>
						<AdrTp>DLVY</AdrTp>
						<Dept>a</Dept>
						<SubDept>a</SubDept>
						<StrtNm>a</StrtNm>
						<BldgNb>a</BldgNb>
						<PstCd>a</PstCd>
						<TwnNm>a</TwnNm>
						<CtrySubDvsn>a</CtrySubDvsn>
						<Ctry>AA</Ctry>
						<AdrLine>a</AdrLine>
						<AdrLine>a</AdrLine>
					</PstlAdr>
					<Id>
						<OrgId>
							<BICOrBEI>AAAAAA20</BICOrBEI>
							<Othr>
								<Id>a</Id>
								<SchmeNm>
									<Cd>a</Cd>
								</SchmeNm>
								<Issr>a</Issr>
							</Othr>
							<Othr>
								<Id>a</Id>
								<SchmeNm>
									<Cd>a</Cd>
								</SchmeNm>
								<Issr>a</Issr>
							</Othr>
						</OrgId>
					</Id>
					<CtryOfRes>AA</CtryOfRes>
					<CtctDtls>
						<NmPrfx>MIST</NmPrfx>
						<Nm>a</Nm>
						<PhneNb>+0-(</PhneNb>
						<MobNb>+0-(</MobNb>
						<FaxNb>+0-(</FaxNb>
						<EmailAdr>a</EmailAdr>
						<Othr>a</Othr>
					</CtctDtls>
				</UltmtCdtr>
				<InstrForCdtrAgt>
					<Cd>PHOB</Cd>
					<InstrInf>a</InstrInf>
				</InstrForCdtrAgt>
				<InstrForDbtrAgt>a</InstrForDbtrAgt>
				<Purp>
					<Cd>a</Cd>
				</Purp>
				<RgltryRptg>
					<DbtCdtRptgInd>DEBT</DbtCdtRptgInd>
					<Authrty>
						<Nm>a</Nm>
						<Ctry>AA</Ctry>
					</Authrty>
					<Dtls>
						<Tp>a</Tp>
						<Dt>1967-08-13</Dt>
						<Ctry>AA</Ctry>
						<Cd>a</Cd>
						<Amt Ccy="AAA">0</Amt>
						<Inf>a</Inf>
						<Inf>a</Inf>
					</Dtls>
					<Dtls>
						<Tp>a</Tp>
						<Dt>1967-08-13</Dt>
						<Ctry>AA</Ctry>
						<Cd>a</Cd>
						<Amt Ccy="AAA">0</Amt>
						<Inf>a</Inf>
						<Inf>a</Inf>
					</Dtls>
				</RgltryRptg>
				<Tax>
					<Cdtr>
						<TaxId>a</TaxId>
						<RegnId>a</RegnId>
						<TaxTp>a</TaxTp>
					</Cdtr>
					<Dbtr>
						<TaxId>a</TaxId>
						<RegnId>a</RegnId>
						<TaxTp>a</TaxTp>
						<Authstn>
							<Titl>a</Titl>
							<Nm>a</Nm>
						</Authstn>
					</Dbtr>
					<AdmstnZn>a</AdmstnZn>
					<RefNb>a</RefNb>
					<Mtd>a</Mtd>
					<TtlTaxblBaseAmt Ccy="AAA">0</TtlTaxblBaseAmt>
					<TtlTaxAmt Ccy="AAA">0</TtlTaxAmt>
					<Dt>1967-08-13</Dt>
					<SeqNb>123456789123456789</SeqNb>
					<Rcrd>
						<Tp>a</Tp>
						<Ctgy>a</Ctgy>
						<CtgyDtls>a</CtgyDtls>
						<DbtrSts>a</DbtrSts>
						<CertId>a</CertId>
						<FrmsCd>a</FrmsCd>
						<Prd>
							<Yr>1967-08-13</Yr>
							<Tp>QTR1</Tp>
							<FrToDt>
								<FrDt>1967-08-13</FrDt>
								<ToDt>1967-08-13</ToDt>
							</FrToDt>
						</Prd>
						<TaxAmt>
							<Rate>1.1234567891</Rate>
							<TaxblBaseAmt Ccy="AAA">0</TaxblBaseAmt>
							<TtlAmt Ccy="AAA">0</TtlAmt>
							<Dtls>
								<Prd>
									<Yr>1967-08-13</Yr>
									<Tp>MM10</Tp>
									<FrToDt>
										<FrDt>1967-08-13</FrDt>
										<ToDt>1967-08-13</ToDt>
									</FrToDt>
								</Prd>
								<Amt Ccy="AAA">0</Amt>
							</Dtls>
							<Dtls>
								<Prd>
									<Yr>1967-08-13</Yr>
									<Tp>QTR3</Tp>
									<FrToDt>
										<FrDt>1967-08-13</FrDt>
										<ToDt>1967-08-13</ToDt>
									</FrToDt>
								</Prd>
								<Amt Ccy="AAA">0</Amt>
							</Dtls>
						</TaxAmt>
						<AddtlInf>a</AddtlInf>
					</Rcrd>
					<Rcrd>
						<Tp>a</Tp>
						<Ctgy>a</Ctgy>
						<CtgyDtls>a</CtgyDtls>
						<DbtrSts>a</DbtrSts>
						<CertId>a</CertId>
						<FrmsCd>a</FrmsCd>
						<Prd>
							<Yr>1967-08-13</Yr>
							<Tp>QTR1</Tp>
							<FrToDt>
								<FrDt>1967-08-13</FrDt>
								<ToDt>1967-08-13</ToDt>
							</FrToDt>
						</Prd>
						<TaxAmt>
							<Rate>1.1234567891</Rate>
							<TaxblBaseAmt Ccy="AAA">0</TaxblBaseAmt>
							<TtlAmt Ccy="AAA">0</TtlAmt>
							<Dtls>
								<Prd>
									<Yr>1967-08-13</Yr>
									<Tp>MM11</Tp>
									<FrToDt>
										<FrDt>1967-08-13</FrDt>
										<ToDt>1967-08-13</ToDt>
									</FrToDt>
								</Prd>
								<Amt Ccy="AAA">0</Amt>
							</Dtls>
							<Dtls>
								<Prd>
									<Yr>1967-08-13</Yr>
									<Tp>HLF1</Tp>
									<FrToDt>
										<FrDt>1967-08-13</FrDt>
										<ToDt>1967-08-13</ToDt>
									</FrToDt>
								</Prd>
								<Amt Ccy="AAA">0</Amt>
							</Dtls>
						</TaxAmt>
						<AddtlInf>a</AddtlInf>
					</Rcrd>
				</Tax>
				<RltdRmtInf>
					<RmtId>a</RmtId>
					<RmtLctnMtd>SMSM</RmtLctnMtd>
					<RmtLctnElctrncAdr>a</RmtLctnElctrncAdr>
					<RmtLctnPstlAdr>
						<Nm>a</Nm>
						<Adr>
							<AdrTp>DLVY</AdrTp>
							<Dept>a</Dept>
							<SubDept>a</SubDept>
							<StrtNm>a</StrtNm>
							<BldgNb>a</BldgNb>
							<PstCd>a</PstCd>
							<TwnNm>a</TwnNm>
							<CtrySubDvsn>a</CtrySubDvsn>
							<Ctry>AA</Ctry>
							<AdrLine>a</AdrLine>
							<AdrLine>a</AdrLine>
						</Adr>
					</RmtLctnPstlAdr>
				</RltdRmtInf>
				<RmtInf>
					<Ustrd>a</Ustrd>
					<Ustrd>a</Ustrd>
					<Strd>
						<RfrdDocInf>
							<Tp>
								<CdOrPrtry>
									<Cd>VCHR</Cd>
								</CdOrPrtry>
								<Issr>a</Issr>
							</Tp>
							<Nb>a</Nb>
							<RltdDt>1967-08-13</RltdDt>
						</RfrdDocInf>
						<RfrdDocInf>
							<Tp>
								<CdOrPrtry>
									<Cd>TSUT</Cd>
								</CdOrPrtry>
								<Issr>a</Issr>
							</Tp>
							<Nb>a</Nb>
							<RltdDt>1967-08-13</RltdDt>
						</RfrdDocInf>
						<RfrdDocAmt>
							<DuePyblAmt Ccy="AAA">0</DuePyblAmt>
							<DscntApldAmt Ccy="AAA">0</DscntApldAmt>
							<CdtNoteAmt Ccy="AAA">0</CdtNoteAmt>
							<TaxAmt Ccy="AAA">0</TaxAmt>
							<AdjstmntAmtAndRsn>
								<Amt Ccy="AAA">0</Amt>
								<CdtDbtInd>CRDT</CdtDbtInd>
								<Rsn>a</Rsn>
								<AddtlInf>a</AddtlInf>
							</AdjstmntAmtAndRsn>
							<AdjstmntAmtAndRsn>
								<Amt Ccy="AAA">0</Amt>
								<CdtDbtInd>CRDT</CdtDbtInd>
								<Rsn>a</Rsn>
								<AddtlInf>a</AddtlInf>
							</AdjstmntAmtAndRsn>
							<RmtdAmt Ccy="AAA">0</RmtdAmt>
						</RfrdDocAmt>
						<CdtrRefInf>
							<Tp>
								<CdOrPrtry>
									<Cd>DISP</Cd>
								</CdOrPrtry>
								<Issr>a</Issr>
							</Tp>
							<Ref>a</Ref>
						</CdtrRefInf>
						<Invcr>
							<Nm>a</Nm>
							<PstlAdr>
								<AdrTp>DLVY</AdrTp>
								<Dept>a</Dept>
								<SubDept>a</SubDept>
								<StrtNm>a</StrtNm>
								<BldgNb>a</BldgNb>
								<PstCd>a</PstCd>
								<TwnNm>a</TwnNm>
								<CtrySubDvsn>a</CtrySubDvsn>
								<Ctry>AA</Ctry>
								<AdrLine>a</AdrLine>
								<AdrLine>a</AdrLine>
							</PstlAdr>
							<Id>
								<OrgId>
									<BICOrBEI>AAAAAA20</BICOrBEI>
									<Othr>
										<Id>a</Id>
										<SchmeNm>
											<Cd>a</Cd>
										</SchmeNm>
										<Issr>a</Issr>
									</Othr>
									<Othr>
										<Id>a</Id>
										<SchmeNm>
											<Cd>a</Cd>
										</SchmeNm>
										<Issr>a</Issr>
									</Othr>
								</OrgId>
							</Id>
							<CtryOfRes>AA</CtryOfRes>
							<CtctDtls>
								<NmPrfx>MADM</NmPrfx>
								<Nm>a</Nm>
								<PhneNb>+0-(</PhneNb>
								<MobNb>+0-(</MobNb>
								<FaxNb>+0-(</FaxNb>
								<EmailAdr>a</EmailAdr>
								<Othr>a</Othr>
							</CtctDtls>
						</Invcr>
						<Invcee>
							<Nm>a</Nm>
							<PstlAdr>
								<AdrTp>BIZZ</AdrTp>
								<Dept>a</Dept>
								<SubDept>a</SubDept>
								<StrtNm>a</StrtNm>
								<BldgNb>a</BldgNb>
								<PstCd>a</PstCd>
								<TwnNm>a</TwnNm>
								<CtrySubDvsn>a</CtrySubDvsn>
								<Ctry>AA</Ctry>
								<AdrLine>a</AdrLine>
								<AdrLine>a</AdrLine>
							</PstlAdr>
							<Id>
								<OrgId>
									<BICOrBEI>AAAAAA20</BICOrBEI>
									<Othr>
										<Id>a</Id>
										<SchmeNm>
											<Cd>a</Cd>
										</SchmeNm>
										<Issr>a</Issr>
									</Othr>
									<Othr>
										<Id>a</Id>
										<SchmeNm>
											<Cd>a</Cd>
										</SchmeNm>
										<Issr>a</Issr>
									</Othr>
								</OrgId>
							</Id>
							<CtryOfRes>AA</CtryOfRes>
							<CtctDtls>
								<NmPrfx>MISS</NmPrfx>
								<Nm>a</Nm>
								<PhneNb>+0-(</PhneNb>
								<MobNb>+0-(</MobNb>
								<FaxNb>+0-(</FaxNb>
								<EmailAdr>a</EmailAdr>
								<Othr>a</Othr>
							</CtctDtls>
						</Invcee>
						<AddtlRmtInf>a</AddtlRmtInf>
						<AddtlRmtInf>a</AddtlRmtInf>
					</Strd>
					<Strd>
						<RfrdDocInf>
							<Tp>
								<CdOrPrtry>
									<Cd>AROI</Cd>
								</CdOrPrtry>
								<Issr>a</Issr>
							</Tp>
							<Nb>a</Nb>
							<RltdDt>1967-08-13</RltdDt>
						</RfrdDocInf>
						<RfrdDocInf>
							<Tp>
								<CdOrPrtry>
									<Cd>CMCN</Cd>
								</CdOrPrtry>
								<Issr>a</Issr>
							</Tp>
							<Nb>a</Nb>
							<RltdDt>1967-08-13</RltdDt>
						</RfrdDocInf>
						<RfrdDocAmt>
							<DuePyblAmt Ccy="AAA">0</DuePyblAmt>
							<DscntApldAmt Ccy="AAA">0</DscntApldAmt>
							<CdtNoteAmt Ccy="AAA">0</CdtNoteAmt>
							<TaxAmt Ccy="AAA">0</TaxAmt>
							<AdjstmntAmtAndRsn>
								<Amt Ccy="AAA">0</Amt>
								<CdtDbtInd>CRDT</CdtDbtInd>
								<Rsn>a</Rsn>
								<AddtlInf>a</AddtlInf>
							</AdjstmntAmtAndRsn>
							<AdjstmntAmtAndRsn>
								<Amt Ccy="AAA">0</Amt>
								<CdtDbtInd>CRDT</CdtDbtInd>
								<Rsn>a</Rsn>
								<AddtlInf>a</AddtlInf>
							</AdjstmntAmtAndRsn>
							<RmtdAmt Ccy="AAA">0</RmtdAmt>
						</RfrdDocAmt>
						<CdtrRefInf>
							<Tp>
								<CdOrPrtry>
									<Cd>PUOR</Cd>
								</CdOrPrtry>
								<Issr>a</Issr>
							</Tp>
							<Ref>a</Ref>
						</CdtrRefInf>
						<Invcr>
							<Nm>a</Nm>
							<PstlAdr>
								<AdrTp>DLVY</AdrTp>
								<Dept>a</Dept>
								<SubDept>a</SubDept>
								<StrtNm>a</StrtNm>
								<BldgNb>a</BldgNb>
								<PstCd>a</PstCd>
								<TwnNm>a</TwnNm>
								<CtrySubDvsn>a</CtrySubDvsn>
								<Ctry>AA</Ctry>
								<AdrLine>a</AdrLine>
								<AdrLine>a</AdrLine>
							</PstlAdr>
							<Id>
								<OrgId>
									<BICOrBEI>AAAAAA20</BICOrBEI>
									<Othr>
										<Id>a</Id>
										<SchmeNm>
											<Cd>a</Cd>
										</SchmeNm>
										<Issr>a</Issr>
									</Othr>
									<Othr>
										<Id>a</Id>
										<SchmeNm>
											<Cd>a</Cd>
										</SchmeNm>
										<Issr>a</Issr>
									</Othr>
								</OrgId>
							</Id>
							<CtryOfRes>AA</CtryOfRes>
							<CtctDtls>
								<NmPrfx>DOCT</NmPrfx>
								<Nm>a</Nm>
								<PhneNb>+0-(</PhneNb>
								<MobNb>+0-(</MobNb>
								<FaxNb>+0-(</FaxNb>
								<EmailAdr>a</EmailAdr>
								<Othr>a</Othr>
							</CtctDtls>
						</Invcr>
						<Invcee>
							<Nm>a</Nm>
							<PstlAdr>
								<AdrTp>BIZZ</AdrTp>
								<Dept>a</Dept>
								<SubDept>a</SubDept>
								<StrtNm>a</StrtNm>
								<BldgNb>a</BldgNb>
								<PstCd>a</PstCd>
								<TwnNm>a</TwnNm>
								<CtrySubDvsn>a</CtrySubDvsn>
								<Ctry>AA</Ctry>
								<AdrLine>a</AdrLine>
								<AdrLine>a</AdrLine>
							</PstlAdr>
							<Id>
								<OrgId>
									<BICOrBEI>AAAAAA20</BICOrBEI>
									<Othr>
										<Id>a</Id>
										<SchmeNm>
											<Cd>a</Cd>
										</SchmeNm>
										<Issr>a</Issr>
									</Othr>
									<Othr>
										<Id>a</Id>
										<SchmeNm>
											<Cd>a</Cd>
										</SchmeNm>
										<Issr>a</Issr>
									</Othr>
								</OrgId>
							</Id>
							<CtryOfRes>AA</CtryOfRes>
							<CtctDtls>
								<NmPrfx>MIST</NmPrfx>
								<Nm>a</Nm>
								<PhneNb>+0-(</PhneNb>
								<MobNb>+0-(</MobNb>
								<FaxNb>+0-(</FaxNb>
								<EmailAdr>a</EmailAdr>
								<Othr>a</Othr>
							</CtctDtls>
						</Invcee>
						<AddtlRmtInf>a</AddtlRmtInf>
						<AddtlRmtInf>a</AddtlRmtInf>
					</Strd>
				</RmtInf>
				<AcctCode>a</AcctCode>
				<LocCode>b</LocCode>
				<BgtCode>c</BgtCode>
				<TrxRef>d</TrxRef>
			</CdtTrfTxInf>
		</PmtInf>
		</CstmrCdtTrfInitn>
</Document>